,Intangible Assets,Total Liab,Total Stockholder Equity,Minority Interest_x,Other Current Liab,Total Assets,Common Stock,Other Current Assets,Retained Earnings,Other Liab,Treasury Stock,Other Assets,Cash,Total Current Liabilities,Deferred Long Term Asset Charges,Short Long Term Debt,Other Stockholder Equity,Property Plant Equipment,Total Current Assets,Net Tangible Assets,Short Term Investments,Net Receivables,Long Term Debt,Inventory,Accounts Payable,Research Development,Effect Of Accounting Charges,Income Before Tax,Minority Interest_y,Net Income_x,Selling General Administrative,Gross Profit,Ebit,Operating Income,Other Operating Expenses,Interest Expense,Extraordinary Items,Non Recurring,Other Items,Income Tax Expense,Total Revenue,Total Operating Expenses,Cost Of Revenue,Total Other Income Expense Net,Discontinued Operations,Net Income From Continuing Ops,Net Income Applicable To Common Shares,Investments,Change To Liabilities,Total Cashflows From Investing Activities,Net Borrowings,Total Cash From Financing Activities,Change To Operating Activities,Net Income_y,Change In Cash,Effect Of Exchange Rate,Total Cash From Operating Activities,Depreciation,Other Cashflows From Investing Activities,Change To Account Receivables,Other Cashflows From Financing Activities,Change To Netincome,Capital Expenditures,Issuance Of Stock,Revenue,Earnings,80th Closing Price Percentile Variation (Following Quarter),Capital Surplus,Good Will,Long Term Investments,Dividends Paid,Change To Inventory,Repurchase Of Stock,Minority Interest,Deferred Long Term Liab,Open,High,Low,Close,Adj Close,Volume
2021Q2,807901000.0,1124196000.0,1818438000.0,80838000.0,137504000.0,3023472000.0,1788120000.0,3427000.0,-288514000.0,294460000.0,318832000.0,187049000.0,428878000.0,219899000.0,27775000.0,9102000.0,318832000.0,502090000.0,1526432000.0,1010537000.0,960614000.0,120930000.0,596322000.0,5584000.0,26521000.0,,,94070000.0,80838000.0,24107000.0,18272000.0,92809000.0,79230000.0,79230000.0,-5677000.0,-25928000.0,,,,39784000.0,152801000.0,73571000.0,59992000.0,14840000.0,,54286000.0,24107000.0,-779390000.0,6411000.0,-806037000.0,-58000.0,758002000.0,-84174000.0,24107000.0,-20120000.0,-11014000.0,38929000.0,-8231000.0,-14352000.0,2710000.0,-64737000.0,75337000.0,-25751000.0,822797000.0,152801000.0,24107000.0,-0.06216033647130037,,,,,,,,,,,,,,
2021Q3,1202785000.0,1760440000.0,1822364000.0,72509000.0,426240000.0,3655313000.0,1788120000.0,6020000.0,-294287000.0,548133000.0,328531000.0,248551000.0,241552000.0,531588000.0,65609000.0,9983000.0,328531000.0,802238000.0,1401739000.0,619579000.0,1018426000.0,117625000.0,661485000.0,9459000.0,39092000.0,,,-42974000.0,72509000.0,-5773000.0,31284000.0,109503000.0,72667000.0,72667000.0,5552000.0,-31149000.0,,,,-28873000.0,192182000.0,119515000.0,82679000.0,-115641000.0,,-14101000.0,-5773000.0,18185000.0,12571000.0,-246244000.0,-316000.0,-2461000.0,-41382000.0,-5773000.0,-187326000.0,6971000.0,54408000.0,56795000.0,-23725000.0,-23573000.0,-26145000.0,77701000.0,-42429000.0,24000000.0,192182000.0,-5773000.0,-0.1009516436640141,,,,,,,,,,,,,,
2021Q4,1495112000.0,1278036000.0,4107890000.0,67555000.0,439085000.0,5453481000.0,4146616000.0,8028000.0,-269554000.0,644599000.0,230828000.0,271408000.0,118725000.0,566863000.0,96718000.0,673000.0,230828000.0,973503000.0,2713458000.0,2612778000.0,2389374000.0,169362000.0,47539000.0,16622000.0,53609000.0,,,-14469000.0,67555000.0,24734000.0,78154000.0,126417000.0,43589000.0,43589000.0,-2499000.0,-109809000.0,,,,-34248000.0,250016000.0,206427000.0,123599000.0,-58058000.0,,19779000.0,24734000.0,-1297361000.0,14517000.0,-1394053000.0,-686814000.0,1364502000.0,-56505000.0,24734000.0,-122827000.0,311000.0,-93587000.0,51289000.0,34932000.0,-19855000.0,-116784000.0,-166881000.0,-65997000.0,2168100000.0,250016000.0,24734000.0,0.011003418336691828,,,,,,,,,,,,,,
2022Q1,1451818000.0,1402912000.0,3800973000.0,24497000.0,556006000.0,5228382000.0,4146616000.0,10186000.0,-561671000.0,608700000.0,216028000.0,846654000.0,269538000.0,735275000.0,78034000.0,549000.0,216028000.0,1002896000.0,1927014000.0,2349155000.0,1332568000.0,276754000.0,40119000.0,22986000.0,60296000.0,,,-295439000.0,24497000.0,-292117000.0,74181000.0,226299000.0,135062000.0,135062000.0,17056000.0,-1012000.0,,,,39736000.0,375294000.0,240232000.0,148995000.0,-430501000.0,,-335175000.0,-292117000.0,829304000.0,6687000.0,162199000.0,-376000.0,-1360000.0,-89293000.0,-292117000.0,150813000.0,-14069000.0,4043000.0,60345000.0,-1866000.0,-111362000.0,-984000.0,387246000.0,-72700000.0,,375294000.0,-292117000.0,0.1615962955660366,,,,,,,,,,,,,,
2021Q2,303536000.0,1836085000.0,3167774000.0,63185000.0,314245000.0,5067044000.0,1500000000.0,46364000.0,1473635000.0,232001000.0,184494000.0,696998000.0,867113000.0,1303770000.0,98003000.0,88893000.0,247340000.0,1072421000.0,2699349000.0,2569498000.0,,919755000.0,68002000.0,839874000.0,410820000.0,,,138771000.0,63185000.0,107456000.0,413863000.0,612200000.0,183393000.0,183393000.0,7802000.0,-8157000.0,,,,19085000.0,1095318000.0,911925000.0,483118000.0,-44622000.0,-14077000.0,119686000.0,107456000.0,5540000.0,78620000.0,-95147000.0,-4206000.0,-5507000.0,-17374000.0,107456000.0,-57269000.0,-17410000.0,60795000.0,31075000.0,29778000.0,-155742000.0,-4270000.0,64237000.0,-51622000.0,2970000.0,1095318000.0,107456000.0,0.2141155177222167,9645000.0,294740000.0,,-1000.0,-65708000.0,,,,,,,,,
2021Q3,341563000.0,1939240000.0,3335248000.0,63136000.0,349071000.0,5337624000.0,1500000000.0,42334000.0,1630470000.0,228394000.0,195133000.0,582214000.0,914682000.0,1413976000.0,71619000.0,90621000.0,257979000.0,1108264000.0,3010843000.0,2698945000.0,,1040603000.0,60303000.0,971391000.0,478700000.0,,,184278000.0,63136000.0,156321000.0,353211000.0,525358000.0,159287000.0,159287000.0,4005000.0,-15198000.0,,,,29041000.0,1062941000.0,903654000.0,537583000.0,24991000.0,2478000.0,155237000.0,156321000.0,-782000.0,59303000.0,-92097000.0,-12149000.0,-16585000.0,-29635000.0,156321000.0,47569000.0,14084000.0,142167000.0,52870000.0,29778000.0,-11749000.0,-4434000.0,37052000.0,-91315000.0,756000.0,1062941000.0,156321000.0,-0.22903836804063793,9645000.0,294740000.0,,-2000.0,-131621000.0,,,,,,,,,
2021Q4,252234000.0,4564553000.0,3395645000.0,71566000.0,750905000.0,8031764000.0,1500000000.0,617710000.0,1581723000.0,127556000.0,303613000.0,582328000.0,583176000.0,4291317000.0,51820000.0,81512000.0,366367000.0,1018790000.0,3224388000.0,2895148000.0,,965658000.0,2609000.0,1009261000.0,3047519000.0,,,223141000.0,71566000.0,294176000.0,199403000.0,342805000.0,132850000.0,132850000.0,55350000.0,-7017000.0,,,,-29696000.0,889005000.0,756155000.0,546200000.0,90291000.0,50220000.0,252837000.0,294176000.0,3450000.0,183265000.0,-455925000.0,-35146000.0,-179146000.0,41300000.0,294176000.0,-331506000.0,4554000.0,299011000.0,12426000.0,29778000.0,8461000.0,3818000.0,-138229000.0,-163006000.0,756000.0,889005000.0,294176000.0,-0.3372833127209649,10309000.0,248263000.0,2705761000.0,-148574000.0,-89921000.0,,,,,,,,,
2022Q1,257356000.0,3420709000.0,5405787000.0,61409000.0,2143877000.0,8887905000.0,1500000000.0,602163000.0,1717565000.0,118067000.0,2175643000.0,456721000.0,1734399000.0,3171372000.0,99755000.0,75745000.0,2238047000.0,1085887000.0,4658301000.0,4900168000.0,,1156180000.0,1848000.0,1107985000.0,518952000.0,,,131795000.0,61409000.0,32910000.0,294474000.0,441591000.0,104843000.0,104843000.0,32488000.0,-7017000.0,,,,19678000.0,927205000.0,822362000.0,485614000.0,26952000.0,-91322000.0,112117000.0,32910000.0,4500000.0,-85048000.0,-887911000.0,4014000.0,2444992000.0,-186446000.0,32910000.0,1151223000.0,-15121000.0,-390737000.0,30547000.0,,-99565000.0,-2395000.0,85161000.0,-174023000.0,2454178000.0,927205000.0,32910000.0,-0.24523176092771204,12579000.0,248263000.0,2181377000.0,-10805000.0,-143721000.0,,,,,,,,,
2021Q2,7603171000.0,44338329000.0,78889789000.0,1212017000.0,5010893000.0,124440135000.0,58006296000.0,2040069000.0,32473006000.0,13410966000.0,-65252324000.0,18038829000.0,13269346000.0,28791526000.0,4578825000.0,285634000.0,-64239689000.0,25701978000.0,32705666000.0,31402787000.0,,6567271000.0,301806000.0,9583373000.0,18818386000.0,,,3617085000.0,1212017000.0,2885782000.0,5183312000.0,7745872000.0,3958847000.0,3958847000.0,-1396287000.0,-303569000.0,,,,687504000.0,15711141000.0,11752294000.0,7965269000.0,-341762000.0,,2929581000.0,2885782000.0,806760000.0,-419710000.0,-855118000.0,-1852434000.0,-3927880000.0,,2885782000.0,-4110787000.0,-1201273000.0,1873484000.0,1300148000.0,-119000.0,-1706005000.0,-1842081000.0,331385000.0,-1639736000.0,2951000.0,15711141000.0,2885782000.0,-0.07433078140108695,53662811000.0,39883831000.0,506660000.0,-231906000.0,-518116000.0,-4410000.0,,,,,,,,
2021Q3,8205130000.0,46968457000.0,86771210000.0,1393588000.0,5283373000.0,135133255000.0,58006296000.0,2146560000.0,36506027000.0,13722663000.0,-61403924000.0,19342108000.0,17956171000.0,31107336000.0,5920369000.0,315520000.0,-60391205000.0,27231875000.0,38197082000.0,36885748000.0,,6538541000.0,281766000.0,9511236000.0,19413593000.0,,,3122460000.0,1393588000.0,3552532000.0,5418792000.0,9239538000.0,4064404000.0,4064404000.0,-243658000.0,-351180000.0,,,,-590257000.0,18492609000.0,14428205000.0,9253071000.0,-941944000.0,,3712717000.0,3552532000.0,-821441000.0,1279155000.0,-2476667000.0,-122859000.0,155020000.0,,3552532000.0,4569308000.0,492797000.0,6398158000.0,1370540000.0,78000.0,-518625000.0,302527000.0,447262000.0,-1699738000.0,5675000.0,18492609000.0,3552532000.0,0.0,53662811000.0,41680332000.0,476728000.0,-24648000.0,267294000.0,-1329000.0,,,,,,,,
2021Q4,8689015000.0,54584866000.0,82643031000.0,1374586000.0,5885492000.0,138602483000.0,58042464000.0,1680183000.0,31191640000.0,13465054000.0,-60253884000.0,19152749000.0,16627698000.0,38866406000.0,4727749000.0,194080000.0,-59216173000.0,29224261000.0,38627141000.0,31542756000.0,,7404307000.0,267137000.0,11000346000.0,25077911000.0,,,4104207000.0,1374586000.0,3607242000.0,6522588000.0,11514759000.0,5244919000.0,5244919000.0,-252748000.0,-442436000.0,,,,357234000.0,22010833000.0,16765914000.0,10496074000.0,-1140712000.0,,3746973000.0,3607242000.0,125131000.0,5821919000.0,-2680176000.0,-306297000.0,-10524250000.0,,3607242000.0,-1147405000.0,231532000.0,11825489000.0,1162737000.0,10002000.0,1101277000.0,-604712000.0,1359010000.0,-3010304000.0,5675000.0,22010833000.0,3607242000.0,-0.13548389081528156,53662811000.0,42411260000.0,498057000.0,-9617587000.0,-1526428000.0,-1329000.0,,,,,,,,
2022Q1,7732029000.0,47203479000.0,78923098000.0,1273343000.0,4924172000.0,127399920000.0,58130517000.0,1846021000.0,35328292000.0,11853850000.0,-68198522000.0,18017029000.0,12887922000.0,33179146000.0,4090340000.0,188633000.0,-67167351000.0,27494375000.0,34479797000.0,31997627000.0,,6973827000.0,246832000.0,11426297000.0,21954834000.0,,,3565614000.0,1273343000.0,3412772000.0,5247374000.0,9024666000.0,4130591000.0,4130591000.0,-353299000.0,-397762000.0,,,,36776000.0,18439152000.0,14308561000.0,9414486000.0,-564977000.0,,3528838000.0,3412772000.0,546444000.0,-2637607000.0,-307198000.0,-152784000.0,-2719620000.0,,3412772000.0,-3800725000.0,-1293663000.0,519756000.0,1324314000.0,,857142000.0,-2560803000.0,-1184759000.0,-888537000.0,23764000.0,18439152000.0,3412772000.0,-0.004664184131123905,53662811000.0,39193442000.0,483248000.0,-22006000.0,-1252106000.0,-7791000.0,,,,,,,,
2021Q2,3833155000.0,27233455000.0,15730555000.0,,1677481000.0,42964010000.0,14777917000.0,1026381000.0,1033350000.0,728591000.0,-80712000.0,5587159000.0,7432562000.0,12656088000.0,1841438000.0,3498081000.0,-80712000.0,6830383000.0,25800121000.0,11021410000.0,5816775000.0,6569799000.0,11444698000.0,4862434000.0,6409718000.0,,,-14308000.0,,-22821000.0,1128571000.0,1250414000.0,98572000.0,98572000.0,15998000.0,-174100000.0,,,,8513000.0,4380026000.0,4281454000.0,3129612000.0,-112880000.0,,-22821000.0,-22821000.0,-906270000.0,764405000.0,4127692000.0,-193043000.0,-193043000.0,-6272000.0,-22821000.0,3101533000.0,,-833116000.0,224559000.0,,-1056281000.0,20369000.0,78191000.0,-65559000.0,52933000.0,4380026000.0,-22821000.0,-0.13226506165089824,,875990000.0,37202000.0,-301105000.0,-383361000.0,-227616000.0,,,,,,,,
2021Q3,4121865000.0,27668647000.0,15663360000.0,,1582948000.0,43332007000.0,14846012000.0,1143103000.0,1273901000.0,999605000.0,-456553000.0,6197212000.0,4379923000.0,14454150000.0,1968465000.0,3630337000.0,-228937000.0,7022910000.0,24612568000.0,10202577000.0,5328519000.0,7831470000.0,9737788000.0,5862408000.0,8029607000.0,,,6192000.0,,240551000.0,1656955000.0,1968170000.0,292614000.0,292614000.0,5447000.0,-379495000.0,,,,-234359000.0,6277265000.0,5984651000.0,4309095000.0,-286422000.0,,240551000.0,240551000.0,1217594000.0,1678941000.0,320509000.0,-2211326000.0,-2418573000.0,127981000.0,240551000.0,-3052639000.0,,-954575000.0,435211000.0,,-2199138000.0,20369000.0,4763000.0,-208187000.0,52933000.0,6277265000.0,240551000.0,-0.4210188828352327,,1338918000.0,38534000.0,-301105000.0,-1005835000.0,-227616000.0,,,,,,,,
2021Q4,5211883000.0,28607836000.0,15910976000.0,,2331657000.0,44518812000.0,14882609000.0,1193127000.0,1212941000.0,1164724000.0,-184574000.0,6328939000.0,2706888000.0,13336854000.0,2008710000.0,1052914000.0,43030000.0,7825191000.0,21912888000.0,7541085000.0,4224180000.0,8480419000.0,11287837000.0,5227990000.0,8658050000.0,,,204575000.0,,489676000.0,2111918000.0,2703018000.0,494959000.0,494959000.0,80808000.0,-516989000.0,,,,-285101000.0,9096420000.0,8601461000.0,6393402000.0,-290384000.0,,489676000.0,489676000.0,546783000.0,1025345000.0,-1922292000.0,-1275649000.0,-1243085000.0,242431000.0,489676000.0,-1673035000.0,,1492342000.0,-50313000.0,,-813555000.0,-20369000.0,-515438000.0,-153557000.0,52933000.0,9096420000.0,489676000.0,-0.01690956353523021,,3158008000.0,81903000.0,-301105000.0,658811000.0,-571582000.0,,,,,,,,
2022Q1,5452455000.0,28490569000.0,15327319000.0,,1748684000.0,43817888000.0,15358279000.0,1040764000.0,487739000.0,1330371000.0,-518699000.0,6620878000.0,1859026000.0,11614461000.0,2261931000.0,1234817000.0,-307384000.0,7552424000.0,20401253000.0,6734573000.0,4051268000.0,7483008000.0,12899439000.0,5887049000.0,7396648000.0,,,-179883000.0,,-137331000.0,1899921000.0,2063939000.0,281502000.0,281502000.0,-134914000.0,-562344000.0,,,,-42552000.0,6765190000.0,6483688000.0,4701251000.0,-461385000.0,,-137331000.0,-137331000.0,126687000.0,-1554517000.0,-444392000.0,730960000.0,158843000.0,-62408000.0,-137331000.0,-847862000.0,,-562313000.0,497832000.0,,1483616000.0,,81242000.0,-134712000.0,300570000.0,6765190000.0,-137331000.0,-0.1563464025550777,,3140291000.0,650587000.0,-301105000.0,-627828000.0,-571582000.0,,,,,,,,
2021Q2,110000000.0,18564000000.0,1917000000.0,,535000000.0,20481000000.0,779000000.0,225000000.0,1127000000.0,336000000.0,11000000.0,1105000000.0,4511000000.0,8006000000.0,,2191000000.0,11000000.0,8160000000.0,9371000000.0,870000000.0,,947000000.0,7344000000.0,3688000000.0,4505000000.0,,,451000000.0,,305000000.0,956000000.0,1722000000.0,582000000.0,582000000.0,30000000.0,-181000000.0,,,,146000000.0,10049000000.0,9467000000.0,8327000000.0,-131000000.0,,305000000.0,305000000.0,,337000000.0,-580000000.0,1679000000.0,1612000000.0,22000000.0,305000000.0,1747000000.0,,715000000.0,170000000.0,,-32000000.0,-156000000.0,366000000.0,-565000000.0,18000000.0,10049000000.0,305000000.0,0.060526076331726575,,937000000.0,798000000.0,-85000000.0,-421000000.0,,,,,,,,,
2021Q3,442000000.0,18367000000.0,2402000000.0,,699000000.0,20769000000.0,787000000.0,243000000.0,1602000000.0,299000000.0,13000000.0,1121000000.0,2881000000.0,9167000000.0,,2379000000.0,13000000.0,8897000000.0,8881000000.0,1342000000.0,,1297000000.0,5784000000.0,4460000000.0,5310000000.0,,,636000000.0,,538000000.0,978000000.0,1927000000.0,788000000.0,788000000.0,-1000000.0,-235000000.0,,,,98000000.0,10845000000.0,10057000000.0,8918000000.0,-152000000.0,,538000000.0,538000000.0,,754000000.0,-627000000.0,-1637000000.0,-1629000000.0,45000000.0,538000000.0,-1630000000.0,,626000000.0,165000000.0,,-5000000.0,-156000000.0,253000000.0,-818000000.0,8000000.0,10845000000.0,538000000.0,-0.1045341811282332,,618000000.0,810000000.0,-63000000.0,-844000000.0,,,,,,,,,
2021Q4,114000000.0,20088000000.0,2766000000.0,,897000000.0,22854000000.0,788000000.0,622000000.0,1961000000.0,217000000.0,17000000.0,1058000000.0,2550000000.0,8644000000.0,45000000.0,613000000.0,17000000.0,10339000000.0,8772000000.0,898000000.0,,1216000000.0,7420000000.0,4380000000.0,5942000000.0,,,413000000.0,,527000000.0,1095000000.0,1989000000.0,718000000.0,718000000.0,-1000000.0,-305000000.0,,,,-114000000.0,11556000000.0,10838000000.0,9567000000.0,-305000000.0,,527000000.0,527000000.0,,906000000.0,-1892000000.0,-527000000.0,-589000000.0,343000000.0,527000000.0,-331000000.0,,2150000000.0,177000000.0,,-31000000.0,-156000000.0,271000000.0,-1077000000.0,1000000.0,11556000000.0,527000000.0,-0.18283984286673471,,1754000000.0,817000000.0,-63000000.0,-12000000.0,,,,,,,,,
2022Q1,4134000000.0,29503000000.0,2984000000.0,,3358000000.0,32487000000.0,789000000.0,1473000000.0,2175000000.0,1696000000.0,20000000.0,1723000000.0,4389000000.0,11375000000.0,55000000.0,302000000.0,20000000.0,12873000000.0,12270000000.0,-1768000000.0,,1563000000.0,10697000000.0,4845000000.0,6798000000.0,,,223000000.0,,214000000.0,1097000000.0,1826000000.0,525000000.0,525000000.0,,-327000000.0,,,,9000000.0,11443000000.0,10918000000.0,9617000000.0,-302000000.0,,214000000.0,214000000.0,,831000000.0,-1527000000.0,2668000000.0,2513000000.0,-5000000.0,214000000.0,1839000000.0,,853000000.0,214000000.0,,-148000000.0,-156000000.0,437000000.0,-925000000.0,1000000.0,11443000000.0,214000000.0,0.19920145219127816,,618000000.0,869000000.0,,-544000000.0,,,,,,,,,
2021Q1,375918000.0,32101283000.0,-16908830000.0,,3845245000.0,15192453000.0,2266992000.0,539654000.0,-21137728000.0,3461064000.0,1961906000.0,2352472000.0,2275430000.0,10251474000.0,,524508000.0,1976713000.0,6187024000.0,4562773000.0,-18095696000.0,10624000.0,1134783000.0,7254058000.0,454160000.0,2026304000.0,,,-2786626000.0,,-2786626000.0,159191000.0,-2575000.0,-245941000.0,-245941000.0,84175000.0,-869209000.0,,,,0.0,1825822000.0,2071763000.0,1828397000.0,-2540685000.0,,-2786626000.0,-2786626000.0,81442000.0,10920000.0,-156432000.0,-318047000.0,-297352000.0,-277025000.0,-2786626000.0,-789385000.0,23035000.0,-358636000.0,318896000.0,,10886000.0,-75645000.0,2421104000.0,-176301000.0,22320000.0,1825822000.0,-2786626000.0,0.09046481618855817,,810948000.0,903318000.0,,-53038000.0,-1625000.0,,,,,,,,
2021Q2,421806000.0,33129280000.0,-15742550000.0,,4121537000.0,17386730000.0,2289312000.0,489794000.0,-19975677000.0,3343742000.0,1943815000.0,2172192000.0,4339074000.0,10362983000.0,,250535000.0,1961205000.0,6312075000.0,6755204000.0,-17065773000.0,1049000.0,1293270000.0,9646952000.0,479243000.0,1914323000.0,,,1162053000.0,,1162053000.0,177841000.0,-119476000.0,-401916000.0,-401916000.0,104599000.0,-823732000.0,,,,0.0,1702366000.0,2104282000.0,1821842000.0,1563969000.0,,1162053000.0,1162053000.0,9590000.0,222102000.0,-122384000.0,2472575000.0,2471017000.0,219420000.0,1162053000.0,2063644000.0,-65552000.0,-219437000.0,324451000.0,,-258112000.0,-75645000.0,-1864259000.0,-105605000.0,1025000.0,1702366000.0,1162053000.0,-0.12575418113275472,,901417000.0,824036000.0,,-27255000.0,-2583000.0,,,,,,,,
2021Q3,444086000.0,35723929000.0,-17945934000.0,,4406644000.0,17777995000.0,2290337000.0,678760000.0,-22171973000.0,3839318000.0,1935702000.0,2453901000.0,3633321000.0,11436048000.0,,829698000.0,1942294000.0,6328366000.0,6771661000.0,-19291437000.0,1180000.0,1766639000.0,9824894000.0,519557000.0,1783546000.0,,,-2196294000.0,,-2196294000.0,196513000.0,380915000.0,73190000.0,73190000.0,111212000.0,-914828000.0,,,,0.0,2717801000.0,2644611000.0,2336886000.0,-2269484000.0,,-2196294000.0,-2196294000.0,-119000.0,350320000.0,-143110000.0,-683882000.0,-689964000.0,-125011000.0,-2196294000.0,-705753000.0,197108000.0,-69787000.0,323257000.0,,-441861000.0,-75645000.0,2092380000.0,-94813000.0,539000.0,2717801000.0,-2196294000.0,-0.2438134621692829,,901417000.0,878564000.0,,-43258000.0,-6621000.0,,,,,,,,
2021Q4,456621000.0,36866476000.0,-18333003000.0,,4496288000.0,18533473000.0,2290876000.0,716953000.0,-22564310000.0,4558430000.0,1940431000.0,2547218000.0,3073799000.0,11710253000.0,,1100899000.0,1952390000.0,7875162000.0,5846336000.0,-19691041000.0,,1164023000.0,9204883000.0,571924000.0,1771663000.0,,,-392337000.0,,-392337000.0,218579000.0,618469000.0,-343204000.0,-343204000.0,743094000.0,-996628000.0,,,,0.0,3729740000.0,4072944000.0,3111271000.0,-49133000.0,,-392337000.0,-392337000.0,-231000.0,-205656000.0,-284220000.0,-568916000.0,-649810000.0,-283339000.0,-392337000.0,-559522000.0,37264000.0,337244000.0,577729000.0,,418753000.0,-75645000.0,254293000.0,-247567000.0,120000.0,3729740000.0,-392337000.0,-0.10123859538570834,,901417000.0,906719000.0,,-155833000.0,-5369000.0,,,,,,,,
2021Q1,3077610000.0,21836925000.0,24345808000.0,11462000.0,8443656000.0,46194195000.0,12548655000.0,533001000.0,3918959000.0,5281472000.0,7878194000.0,304392000.0,1536454000.0,9503959000.0,,37809000.0,8339018000.0,802358000.0,16882731000.0,-1140329000.0,14089062000.0,610191000.0,7051494000.0,,154749000.0,,,1692879000.0,11462000.0,1256038000.0,380583000.0,2332458000.0,1684718000.0,1684718000.0,2748000.0,-61971000.0,,,,436852000.0,2396704000.0,711986000.0,64246000.0,8161000.0,,1256027000.0,1256038000.0,,-28901000.0,-20444000.0,-101724000.0,-1563744000.0,-134273000.0,1256038000.0,123820000.0,,1708008000.0,28023000.0,40356000.0,49375000.0,-4561000.0,117704000.0,-20190000.0,,2396704000.0,1256038000.0,-0.12341245869268991,,22408527000.0,2718577000.0,-1095235000.0,,-362224000.0,,,,,,,,
2021Q2,2886339000.0,26826709000.0,22692664000.0,11437000.0,9937040000.0,49530810000.0,12548655000.0,795531000.0,2650609000.0,5568077000.0,7493400000.0,303473000.0,2065184000.0,12507996000.0,,1307141000.0,8298618000.0,811687000.0,19873683000.0,-2602202000.0,16265035000.0,618566000.0,8750636000.0,,191909000.0,,,1801722000.0,11437000.0,1193336000.0,1029919000.0,2381720000.0,1719178000.0,1719178000.0,-102968000.0,-101546000.0,,,,608411000.0,2762760000.0,1043582000.0,381040000.0,82544000.0,,1193311000.0,1193336000.0,,28289000.0,-75845000.0,2978220000.0,383066000.0,-2347272000.0,1193336000.0,-313692000.0,,-620913000.0,27043000.0,5173000.0,-28249000.0,-8678000.0,106963000.0,-32179000.0,,2762760000.0,1193336000.0,-0.08991020358093238,,22408527000.0,3247101000.0,-2219257000.0,,-367219000.0,,,,,,,,
2021Q3,2679553000.0,32215748000.0,22580298000.0,11405000.0,11356437000.0,54807451000.0,12548655000.0,95016000.0,2645244000.0,5673640000.0,-940744000.0,302207000.0,3777045000.0,15654356000.0,,3063449000.0,-135699000.0,834221000.0,25600841000.0,-2507782000.0,20192842000.0,1397925000.0,10887752000.0,,168458000.0,,,1569689000.0,11405000.0,1176129000.0,706772000.0,2296535000.0,1547931000.0,1547931000.0,41832000.0,-166573000.0,,,,393592000.0,2512929000.0,964998000.0,216394000.0,21758000.0,,1176097000.0,1176129000.0,,-31381000.0,-86722000.0,3603686000.0,2284667000.0,-4015505000.0,1176129000.0,194246000.0,,-2003699000.0,26368000.0,2189000.0,22777000.0,-16323000.0,202461000.0,-46810000.0,,2512929000.0,1176129000.0,-0.22283611241090784,8327143000.0,22408527000.0,2982102000.0,-1302696000.0,,,,,,,,,,
2021Q4,3026826000.0,30112399000.0,22407905000.0,11465000.0,8639524000.0,52531769000.0,12548655000.0,333853000.0,2527217000.0,6159195000.0,7332033000.0,310702000.0,2560516000.0,12958993000.0,,3204429000.0,8133762000.0,903837000.0,21095033000.0,-4222515000.0,16573301000.0,1493983000.0,10993913000.0,,218438000.0,,,1452041000.0,11465000.0,1091594000.0,-510517000.0,1956953000.0,1338914000.0,1338914000.0,71406000.0,-266661000.0,,,,360387000.0,1575851000.0,236937000.0,-381102000.0,113127000.0,,1091654000.0,1091594000.0,,33259000.0,-2017843000.0,245639000.0,-2223923000.0,2382143000.0,1091594000.0,-111439000.0,,4130327000.0,27869000.0,-1751000.0,-35293000.0,-381623000.0,271140000.0,-88553000.0,,1575851000.0,1091594000.0,0.1530806091342416,,23603594000.0,3591777000.0,-2087939000.0,,,,,,,,,,
2021Q1,57542000.0,33267924000.0,5434146000.0,,3870137000.0,38702070000.0,4175222000.0,226380000.0,1074500000.0,614092000.0,184424000.0,32101288000.0,3542000.0,31633412000.0,3596381000.0,5451114000.0,184424000.0,25263000.0,3766543000.0,5343199000.0,804762000.0,2486446000.0,1020420000.0,223630000.0,22151695000.0,,,280761000.0,219000.0,190277000.0,1043565000.0,1539530000.0,0.0,336624000.0,159341000.0,,,,,90484000.0,1543077000.0,1206453000.0,3547000.0,-55863000.0,,190277000.0,190277000.0,-704524000.0,0.0,-675531000.0,319236000.0,658398000.0,-1513320000.0,190277000.0,-1253200000.0,569000.0,-1236636000.0,9118000.0,176000.0,,585292000.0,139779000.0,-4758000.0,,1543077000.0,190277000.0,0.84001234367359,,33405000.0,2718029000.0,-246130000.0,,,,,,,,,,
2021Q2,52119000.0,37123822000.0,5558555000.0,,4847812000.0,42682377000.0,4175222000.0,1737800000.0,1197778000.0,917261000.0,185555000.0,34421931000.0,130922000.0,29846681000.0,3728651000.0,5313193000.0,185555000.0,26692000.0,6035783000.0,5479294000.0,1471900000.0,2509128000.0,6359880000.0,169134000.0,19406912000.0,,,273230000.0,219000.0,202485000.0,1210537000.0,1989363000.0,0.0,335113000.0,443713000.0,,,,,70745000.0,1992516000.0,1657403000.0,3153000.0,-61883000.0,,202485000.0,202485000.0,-29253000.0,175497000.0,-6078000.0,4436206000.0,1682657000.0,-2487957000.0,202485000.0,127331000.0,46000.0,-1549295000.0,11633000.0,176000.0,,-2744783000.0,221019000.0,-6811000.0,,1992516000.0,202485000.0,-0.05570446941725149,,27142000.0,2118710000.0,-8766000.0,,,,,,,,,,
2021Q3,66257000.0,38317743000.0,5676188000.0,,5155812000.0,43993931000.0,4175222000.0,2070403000.0,1314286000.0,866922000.0,186680000.0,35010017000.0,876996000.0,30192668000.0,3671818000.0,2833861000.0,186680000.0,49097000.0,5193586000.0,5589052000.0,7015000.0,2035333000.0,7258153000.0,160509000.0,21846075000.0,,,279620000.0,219000.0,191366000.0,1217197000.0,1952320000.0,0.0,270950000.0,464173000.0,,,,,88254000.0,1956195000.0,1685245000.0,3875000.0,8670000.0,,191366000.0,191366000.0,41232000.0,-156220000.0,31658000.0,-316888000.0,2122275000.0,-2095308000.0,191366000.0,746073000.0,783000.0,-1408642000.0,13330000.0,176000.0,,2439163000.0,440548000.0,-29569000.0,,1956195000.0,191366000.0,-0.35243501314070647,,20879000.0,3654095000.0,,,,,,,,,,,
2021Q4,62767000.0,42104710000.0,5798633000.0,219000.0,5397544000.0,47903562000.0,4175222000.0,3037434000.0,1436523000.0,794637000.0,186888000.0,36434428000.0,9704000.0,33255837000.0,3536164000.0,3344601000.0,186888000.0,102223000.0,6364180000.0,5682126000.0,1221298000.0,1905993000.0,8054236000.0,163284000.0,24034791000.0,,,276108000.0,219000.0,190448000.0,1126157000.0,1841034000.0,0.0,319526000.0,395351000.0,,,,,85660000.0,1844252000.0,1524726000.0,3218000.0,-43418000.0,,190448000.0,190448000.0,-2322203000.0,-57357000.0,-2363421000.0,-329934000.0,1859001000.0,-1204899000.0,190448000.0,-867292000.0,500000.0,-363372000.0,13111000.0,176000.0,,2188935000.0,664976000.0,-59199000.0,,1844252000.0,190448000.0,-0.2816438731978985,,53740000.0,4886224000.0,,,,,,,,,,,
2021Q1,5285000.0,3169598000.0,7164745000.0,,1480567000.0,10334343000.0,3396767000.0,1536000.0,4038042000.0,1686953000.0,-270064000.0,978001000.0,2182502000.0,1482645000.0,17550000.0,,-188025000.0,50000.0,3257728000.0,7159460000.0,302006000.0,771684000.0,,,,,,1242375000.0,,977062000.0,17598000.0,1250424000.0,1232387000.0,1232387000.0,439000.0,-343000.0,,,,265313000.0,1290766000.0,58379000.0,40342000.0,9988000.0,,977062000.0,977062000.0,149831000.0,12767000.0,421445000.0,,-950625000.0,45807000.0,977062000.0,-12943000.0,,516237000.0,61000.0,271614000.0,412630000.0,,-469560000.0,-180000.0,,1290766000.0,977062000.0,-0.15417275632232907,,,6093279000.0,-950625000.0,,,,,,,,,,
2021Q2,5264000.0,4485944000.0,6896999000.0,,2612074000.0,11382943000.0,3396767000.0,1637000.0,3751720000.0,1871604000.0,-251488000.0,962144000.0,2587049000.0,2614340000.0,17396000.0,,-170168000.0,46000.0,3765596000.0,6891735000.0,304601000.0,872309000.0,,,,,,1024443000.0,,753702000.0,21017000.0,1026002000.0,1002757000.0,1002757000.0,2228000.0,-240000.0,,,,270741000.0,1080094000.0,77337000.0,54092000.0,21686000.0,,753702000.0,753702000.0,-449968000.0,150084000.0,-304685000.0,,-1000.0,-36159000.0,753702000.0,404547000.0,,709233000.0,61000.0,145463000.0,-80766000.0,,-237466000.0,-180000.0,,1080094000.0,753702000.0,-0.08912114845493224,,,6649893000.0,-1000.0,,,,,,,,,,
2021Q3,5166000.0,3799725000.0,7781880000.0,,1810861000.0,11581605000.0,3396767000.0,1439000.0,4727541000.0,1986598000.0,-342428000.0,928785000.0,2753776000.0,1813127000.0,21365000.0,,-261108000.0,42000.0,3829751000.0,7776714000.0,,1074536000.0,,,,,,1270974000.0,,975821000.0,19696000.0,1261123000.0,1239737000.0,1239737000.0,1690000.0,-133000.0,,,,295153000.0,1310217000.0,70480000.0,49094000.0,31237000.0,,975821000.0,975821000.0,306027000.0,134381000.0,361039000.0,,-1040048000.0,44401000.0,975821000.0,166727000.0,,845736000.0,62000.0,55118000.0,-98668000.0,,-403027000.0,-106000.0,,1310217000.0,975821000.0,0.013641756217195988,,,6817861000.0,-1040048000.0,,,,,,,,,,
2021Q4,4959000.0,6032805000.0,7281416000.0,,3995264000.0,13314221000.0,3396767000.0,264000.0,4122925000.0,2033528000.0,-238276000.0,1032339000.0,4090561000.0,3999277000.0,35420000.0,,-156956000.0,40000.0,5125631000.0,7276457000.0,,1034806000.0,,,,,,1541632000.0,,1226632000.0,43069000.0,1594562000.0,1482425000.0,1482425000.0,69068000.0,-325000.0,,,,315000000.0,1644864000.0,162439000.0,50302000.0,59207000.0,,1226632000.0,1226632000.0,-66664000.0,125187000.0,582237000.0,,-1000.0,76929000.0,1226632000.0,1336785000.0,,754549000.0,75000.0,648901000.0,-140711000.0,,-725627000.0,,,1644864000.0,1226632000.0,0.05106947942218221,,,7151252000.0,-1000.0,,,,,,,,,,
2021Q1,198900000.0,8320266000.0,10802909000.0,492170000.0,86876000.0,19615345000.0,10406862000.0,1884795000.0,909280000.0,3876721000.0,-513233000.0,310401000.0,27747000.0,478936000.0,,275944000.0,-211936000.0,16496019000.0,2252176000.0,10604009000.0,,339634000.0,3964609000.0,,66790000.0,,,91431000.0,492170000.0,56538000.0,57547000.0,197983000.0,151834000.0,151834000.0,-11398000.0,-77451000.0,,,,27764000.0,226512000.0,74678000.0,28529000.0,-60403000.0,,63667000.0,56538000.0,-424968000.0,18523000.0,-484337000.0,319820000.0,287648000.0,-6580000.0,56538000.0,-533000.0,,196156000.0,9275000.0,3465000.0,8172000.0,-32172000.0,104018000.0,-32334000.0,,226512000.0,56538000.0,0.15302345548406482,,,357849000.0,,,-35020000.0,,,,,,,,
2021Q2,207876000.0,8256421000.0,10691861000.0,467910000.0,78820000.0,19416192000.0,10406862000.0,1829131000.0,796282000.0,3844191000.0,-511283000.0,344317000.0,17838000.0,878421000.0,,695038000.0,-209986000.0,16290095000.0,2226108000.0,10483985000.0,,379139000.0,3533809000.0,,56593000.0,,,-176097000.0,467910000.0,-112997000.0,97518000.0,217221000.0,119952000.0,119952000.0,-249000.0,-86822000.0,,,,-48597000.0,239239000.0,119287000.0,22018000.0,-296049000.0,,-127500000.0,-112997000.0,76803000.0,-10197000.0,21110000.0,-15126000.0,-73082000.0,-6493000.0,-112997000.0,-9909000.0,,42063000.0,11447000.0,-9606000.0,115870000.0,-57956000.0,30300000.0,-21269000.0,,239239000.0,-112997000.0,-0.08794151156048535,,,347796000.0,,,-35020000.0,,,,,,,,
2021Q3,212287000.0,8225813000.0,10717655000.0,465479000.0,84414000.0,19408947000.0,10406862000.0,1648986000.0,853431000.0,3943139000.0,-542638000.0,309289000.0,14825000.0,519350000.0,,324700000.0,-206321000.0,16316244000.0,2047777000.0,10374477000.0,,383966000.0,3763324000.0,,46181000.0,,,79402000.0,465479000.0,57149000.0,89566000.0,266955000.0,174686000.0,174686000.0,2703000.0,-89009000.0,,,,20538000.0,290490000.0,115804000.0,23535000.0,-95284000.0,,58864000.0,57149000.0,208986000.0,-11299000.0,93832000.0,-150676000.0,-257631000.0,11281000.0,57149000.0,-3013000.0,,160786000.0,12236000.0,4853000.0,46223000.0,-71935000.0,35597000.0,-19310000.0,,290490000.0,57149000.0,-0.18149815501417366,,130891000.0,392459000.0,,,-35020000.0,,,,,,,,
2021Q4,281648000.0,8246540000.0,10771410000.0,467837000.0,125295000.0,19485787000.0,10406862000.0,1414642000.0,995303000.0,4005338000.0,-630755000.0,299944000.0,27635000.0,627220000.0,,365713000.0,-201746000.0,16597495000.0,1878567000.0,10421132000.0,,436290000.0,3613982000.0,,49889000.0,,,291827000.0,467837000.0,186276000.0,104397000.0,299804000.0,184027000.0,184027000.0,11380000.0,-109739000.0,,,,74808000.0,335333000.0,151306000.0,35529000.0,107800000.0,,217019000.0,186276000.0,272151000.0,3754000.0,106064000.0,-144648000.0,-323505000.0,-22112000.0,186276000.0,12810000.0,,230251000.0,13333000.0,6603000.0,-21112000.0,-86166000.0,97154000.0,-14768000.0,,335333000.0,186276000.0,0.1326164482501786,,68630000.0,359503000.0,,,-92691000.0,,,,,,,,
2021Q1,7950238000.0,1467757930000.0,144240036000.0,803113000.0,87003055000.0,1612801079000.0,83100000000.0,162944327000.0,59055182000.0,338390744000.0,2073413000.0,456332149000.0,128608328000.0,1012607768000.0,,362462114000.0,2073413000.0,9555754000.0,673448830000.0,136568084000.0,,91679759000.0,116759418000.0,,539982090000.0,,,7859166000.0,803113000.0,6152918000.0,9044034000.0,21612659000.0,0.0,8476771000.0,4091854000.0,,,,,1645304000.0,21924065000.0,13447294000.0,311406000.0,-617605000.0,,6213862000.0,6152918000.0,-33759106000.0,-4578936000.0,-34189358000.0,-14338349000.0,10815834000.0,-37752437000.0,6152918000.0,-62212661000.0,812884000.0,-39652021000.0,969811000.0,64550000.0,,28725534000.0,-1226503000.0,-372423000.0,,21924065000.0,6152918000.0,0.13241586141462736,11441000.0,3595453000.0,461918655000.0,-3571351000.0,,-226449000.0,,1100027000.0,,,,,,
2021Q2,8183105000.0,1480203540000.0,146488157000.0,694070000.0,94542673000.0,1627385767000.0,83100000000.0,163588117000.0,61100338000.0,341462051000.0,2276378000.0,466071976000.0,102863426000.0,1009315794000.0,,340726097000.0,2502827000.0,9319685000.0,661484118000.0,138804799000.0,,89577625000.0,129425695000.0,1212259000.0,546710575000.0,,,10537314000.0,694070000.0,5974144000.0,9284190000.0,25246874000.0,0.0,11635368000.0,4327316000.0,,,,,4515036000.0,25575502000.0,13940134000.0,328628000.0,-1098054000.0,,6022278000.0,5974144000.0,302690000.0,-1645342000.0,-658557000.0,-3792292000.0,1553785000.0,-23920390000.0,5974144000.0,-25744902000.0,-1077329000.0,-25562801000.0,891055000.0,103994000.0,,5937990000.0,6871613000.0,-335505000.0,,25575502000.0,5974144000.0,-0.10825338429158238,11441000.0,3119337000.0,479207546000.0,-365464000.0,,-226449000.0,,1135725000.0,,,,,,
2021Q3,8943154000.0,1519350425000.0,147605978000.0,686861000.0,98476768000.0,1667643264000.0,83100000000.0,160605507000.0,67221315000.0,337961662000.0,-2726778000.0,495954131000.0,96064508000.0,1035467268000.0,,342163615000.0,-2060076000.0,9062417000.0,650139883000.0,139820117000.0,,91444267000.0,145921495000.0,1216086000.0,565363026000.0,,,9004551000.0,686861000.0,6647984000.0,9736303000.0,22431655000.0,0.0,9370666000.0,3324686000.0,,,,,2305779000.0,22756354000.0,13385688000.0,324699000.0,-366115000.0,,6698772000.0,6647984000.0,-12092589000.0,-4872692000.0,-12396381000.0,11978320000.0,29996547000.0,-38299687000.0,6647984000.0,-6798918000.0,2804217000.0,-27203301000.0,899253000.0,676009000.0,,23845031000.0,-610284000.0,-8011000.0,,22756354000.0,6647984000.0,-0.15064369489154783,11441000.0,2959007000.0,500584672000.0,-5386551000.0,,-440253000.0,,1151579000.0,,,,,,
2021Q4,8862273000.0,1525343486000.0,149776837000.0,451870000.0,38806213000.0,1675572193000.0,83100000000.0,120423182000.0,68242639000.0,381554575000.0,-1636298000.0,671547818000.0,21284330000.0,930470383000.0,78743461000.0,74916862000.0,-969596000.0,13513105000.0,281330645000.0,137915776000.0,67500239000.0,5801294000.0,209634069000.0,1196272000.0,575889977000.0,,,5451336000.0,451870000.0,4397276000.0,12410751000.0,22244604000.0,0.0,4497573000.0,5336280000.0,,,,,1005444000.0,22584340000.0,18086767000.0,339736000.0,953763000.0,,4445892000.0,4397276000.0,11133738000.0,11096970000.0,27938253000.0,24481052000.0,22114055000.0,-125033253000.0,4397276000.0,-24678189000.0,935666000.0,-75666163000.0,2185545000.0,18329356000.0,,-1776066000.0,83319076000.0,-440928000.0,,22584340000.0,4397276000.0,0.06522792131733479,70496000.0,6048734000.0,694269618000.0,-590931000.0,,,,1115127000.0,,,,,,
2021Q1,795000.0,1202834000.0,12164159000.0,,1194920000.0,13366993000.0,4100000000.0,,3439563000.0,7040000.0,4624596000.0,168253000.0,1241718000.0,1194992000.0,,,4624596000.0,74000.0,1301206000.0,12163364000.0,,59110000.0,,,,,,1700938000.0,,1700938000.0,5357000.0,0.0,-28203000.0,-28203000.0,22846000.0,-915000.0,,,,0.0,0.0,28203000.0,0.0,1729141000.0,,1700938000.0,1700938000.0,,0.0,,,-46000.0,1237869000.0,1700938000.0,1179155000.0,,1179201000.0,,,,-2291585000.0,-1737398000.0,,,0.0,1700938000.0,0.029064075907052622,,,11896665000.0,-46000.0,,,,,,,,,,
2021Q2,1034000.0,55898000.0,13421728000.0,,47709000.0,13477626000.0,4100000000.0,,5681134000.0,7068000.0,3640594000.0,168807000.0,748928000.0,47806000.0,,,3640594000.0,68000.0,779423000.0,13420694000.0,,30253000.0,,,,,,2257466000.0,,2241571000.0,7115000.0,0.0,-7498000.0,-7498000.0,383000.0,-915000.0,,,,15895000.0,0.0,7498000.0,0.0,2264964000.0,,2241571000.0,2241571000.0,,0.0,,,-1130464000.0,641694000.0,2241571000.0,-492790000.0,,637674000.0,,,,-2291585000.0,-2244230000.0,,,0.0,2241571000.0,0.04606645741269788,,,12528294000.0,-1130464000.0,,,,,,,,,,
2021Q3,1002000.0,40669000.0,14546950000.0,,39571000.0,14587619000.0,5760125000.0,,4596872000.0,,4189953000.0,162413000.0,2555161000.0,39671000.0,,,4189953000.0,62000.0,2591807000.0,14545948000.0,,36528000.0,,,,,,1159968000.0,,1175863000.0,8382000.0,0.0,-8844000.0,-8844000.0,462000.0,-915000.0,,,,-15895000.0,0.0,8844000.0,0.0,1168812000.0,,1175863000.0,1175863000.0,,0.0,,,-598209000.0,2410019000.0,1175863000.0,1806233000.0,,2404442000.0,,,,-2291585000.0,-1180644000.0,,,0.0,1175863000.0,-0.23183102601538574,,,11832335000.0,-598209000.0,,,,,,,,,,
2021Q4,969000.0,51014000.0,7502810000.0,,49940000.0,7553824000.0,500125000.0,,5257761000.0,,1744924000.0,209689000.0,294709000.0,50042000.0,,,1744924000.0,56000.0,294709000.0,7501841000.0,,,,,,,,2960889000.0,,2960889000.0,6413000.0,8080515000.0,-18696000.0,-18696000.0,12283000.0,-915000.0,,,,0.0,8080515000.0,18696000.0,0.0,2979585000.0,,2960889000.0,2960889000.0,,0.0,,,-2291585000.0,-6507000.0,2960889000.0,-2260452000.0,,31133000.0,,,,-2291585000.0,-2923249000.0,,,8080515000.0,2960889000.0,-0.35124303701954596,,,7048401000.0,-2291585000.0,,,,,,,,,,
2021Q1,4977800000.0,1691008480000.0,135457197000.0,2738063000.0,57189753000.0,1829203740000.0,90000023000.0,143879703000.0,41782800000.0,131929679000.0,3674374000.0,746711280000.0,59372218000.0,1380278073000.0,57657107000.0,666068334000.0,3951977000.0,7999314000.0,239115351000.0,130479397000.0,7689450000.0,13187168000.0,178800728000.0,,655134208000.0,,,4738330000.0,2738063000.0,4225907000.0,9240861000.0,17912494000.0,0.0,3779664000.0,4891969000.0,,,,,110822000.0,18092596000.0,14312932000.0,180102000.0,958666000.0,,4627508000.0,4157202000.0,-2713674000.0,0.0,-2650660000.0,-8915357000.0,6450956000.0,-138340354000.0,4225907000.0,-110243193000.0,3664782000.0,-117708271000.0,709987000.0,334848000.0,,17021894000.0,7549007000.0,-189723000.0,,18092596000.0,4225907000.0,-0.006801916460945967,,,830399995000.0,-1655581000.0,,,,,,,,,,
2021Q2,4764924000.0,1714147438000.0,143243032000.0,2564049000.0,59889774000.0,1859954519000.0,90000023000.0,150046281000.0,45814896000.0,132372804000.0,7428113000.0,767402041000.0,55538145000.0,1420345770000.0,59814017000.0,668955346000.0,7705026000.0,7921996000.0,244001613000.0,138478108000.0,12944302000.0,12084779000.0,161428864000.0,,691500650000.0,,,6852585000.0,2564049000.0,5523694000.0,8698104000.0,19300757000.0,0.0,10560142000.0,42511000.0,,,,,1016592000.0,19485053000.0,8924911000.0,184296000.0,-3707557000.0,,5835993000.0,5567231000.0,2443585000.0,0.0,2228149000.0,-3437406000.0,38521146000.0,-32972835000.0,5523694000.0,1555697000.0,-6111318000.0,-33082280000.0,632807000.0,243283000.0,,43621984000.0,3804359000.0,-275996000.0,,19485053000.0,5523694000.0,-0.073012206831505,,,835863945000.0,-692959000.0,,,,,,,,,,
2021Q3,5044801000.0,1827894949000.0,144554003000.0,2957922000.0,65820815000.0,1975406874000.0,90000023000.0,154722616000.0,48730716000.0,143205159000.0,5823264000.0,801424482000.0,50200020000.0,1514572502000.0,58267225000.0,759231794000.0,6100177000.0,7987716000.0,237440556000.0,139509202000.0,7039186000.0,12510194000.0,170117288000.0,,689519893000.0,,,6760047000.0,2957922000.0,4608838000.0,8493555000.0,17857959000.0,0.0,7670088000.0,1694316000.0,,,,,1753502000.0,18056403000.0,10386315000.0,198444000.0,-910041000.0,,5006545000.0,4634006000.0,-23860158000.0,0.0,-24246848000.0,-3174693000.0,-7580003000.0,-4098056000.0,4608838000.0,-11601472000.0,3178331000.0,17047048000.0,529109000.0,575766000.0,,-2892070000.0,10577668000.0,-388436000.0,,18056403000.0,4608838000.0,-0.011394962896803418,,,923509319000.0,-2483713000.0,,,,,,,,,,
2021Q4,7031258000.0,1787675793000.0,141995018000.0,2862168000.0,68416300000.0,1932532979000.0,90000023000.0,157456522000.0,51180290000.0,131689608000.0,814705000.0,838094525000.0,49065276000.0,1487773167000.0,56620005000.0,716908386000.0,1091618000.0,8541236000.0,242688707000.0,134963760000.0,6277788000.0,11211519000.0,168213018000.0,,702448481000.0,,,7406253000.0,2862168000.0,5351963000.0,9197307000.0,18207474000.0,0.0,7745684000.0,1264483000.0,,,,,1560384000.0,18397749000.0,10652065000.0,190275000.0,-339431000.0,,5845869000.0,5215980000.0,-26360531000.0,0.0,-28608793000.0,-1126124000.0,10051972000.0,14209923000.0,5351963000.0,-1405859000.0,821682000.0,16329280000.0,541410000.0,878058000.0,,15554095000.0,8072464000.0,-901438000.0,,18397749000.0,5351963000.0,0.11057627235344047,,,836177253000.0,,,,,,,,,,,
2021Q1,781351000.0,95560310000.0,430211000.0,-1920272000.0,7599896000.0,94070249000.0,8043222000.0,1951905000.0,-2028615000.0,10195647000.0,-5584396000.0,11176707000.0,12493422000.0,33428166000.0,9482232000.0,9457461000.0,-5534692000.0,40311327000.0,39694313000.0,-2410014000.0,76450000.0,10421973000.0,49608956000.0,11939115000.0,13705356000.0,62173000.0,,3276532000.0,-1920272000.0,2494211000.0,991339000.0,7237970000.0,6644353000.0,6644353000.0,-458333000.0,-954172000.0,,,,862781000.0,22692168000.0,16047815000.0,15454198000.0,-3367821000.0,,2413751000.0,2494211000.0,,2468558000.0,-475074000.0,-3646517000.0,-3646522000.0,-1468333000.0,2494211000.0,-1369430000.0,448373000.0,2303793000.0,931622000.0,295000.0,-1812183000.0,-9545000.0,2058130000.0,-490243000.0,,22692168000.0,2494211000.0,0.617203152931447,,2058874000.0,47677000.0,-5000.0,-3267540000.0,,,,,,,,,
2021Q2,746869000.0,80767131000.0,8660001000.0,-1493054000.0,8424575000.0,87934078000.0,8043222000.0,1989830000.0,5403341000.0,8707927000.0,-4786562000.0,8450974000.0,9765013000.0,31043006000.0,5943810000.0,9384026000.0,-4748365000.0,37587480000.0,39039439000.0,5854258000.0,96317000.0,11768284000.0,39031954000.0,12708055000.0,10678880000.0,62044000.0,,10020512000.0,-1493054000.0,7423582000.0,1048960000.0,9812565000.0,9062471000.0,9062471000.0,-357285000.0,-1366420000.0,,,,2458551000.0,26421465000.0,17358994000.0,16608900000.0,958041000.0,,7561961000.0,7423582000.0,,-1210611000.0,-708937000.0,-3911568000.0,-3911672000.0,-787280000.0,7423582000.0,-2728409000.0,-620121000.0,2512321000.0,922504000.0,295000.0,-1734984000.0,-9545000.0,-2354964000.0,-733443000.0,,26421465000.0,7423582000.0,0.1324912213774867,,2058874000.0,50442000.0,-104000.0,-1101011000.0,,,,,,,,,
2021Q3,770427000.0,83299819000.0,12764167000.0,-1629656000.0,10980101000.0,94434330000.0,8043222000.0,1945805000.0,8946873000.0,7746726000.0,-4225928000.0,9411032000.0,12025888000.0,32363495000.0,7458839000.0,8191808000.0,-4187731000.0,39025164000.0,43118871000.0,9934866000.0,72228000.0,12827144000.0,41115783000.0,14365943000.0,10438072000.0,73778000.0,,3415756000.0,-1629656000.0,3536811000.0,1186663000.0,8304593000.0,6522737000.0,6522737000.0,519153000.0,-1212230000.0,,,,-101953000.0,28299463000.0,21776726000.0,19994870000.0,-3106981000.0,,3517709000.0,3536811000.0,,-1281746000.0,-819209000.0,-3007636000.0,-3009561000.0,1011674000.0,3536811000.0,2260875000.0,352492000.0,5737153000.0,958632000.0,295000.0,461437000.0,-9545000.0,1930423000.0,-819253000.0,,28299463000.0,3536811000.0,-0.09452642385756216,,2058874000.0,49962000.0,-1925000.0,-1414094000.0,,,,,,,,,
2021Q4,818425000.0,86360540000.0,7865819000.0,-1661991000.0,8793082000.0,92564368000.0,8043222000.0,1412989000.0,3483935000.0,9123065000.0,-3661338000.0,10329534000.0,8680686000.0,25193523000.0,8257252000.0,1489347000.0,-3623141000.0,40005167000.0,39293445000.0,4988520000.0,106271000.0,9772035000.0,49562904000.0,16335101000.0,12053266000.0,98588000.0,,1248223000.0,-1661991000.0,530342000.0,1350805000.0,6699622000.0,6074652000.0,6074652000.0,-836262000.0,-919253000.0,,,,780024000.0,28212105000.0,22137453000.0,21512483000.0,-4826429000.0,,468199000.0,530342000.0,,1223413000.0,-1377456000.0,-396973000.0,-6397749000.0,-1483570000.0,530342000.0,-3345202000.0,196785000.0,4233218000.0,1301667000.0,295000.0,910445000.0,-9545000.0,3619640000.0,-1378385000.0,,28212105000.0,530342000.0,-0.08546711859610157,,2058874000.0,58923000.0,-5991231000.0,-1791640000.0,,,,,,,,,
2021Q1,2252983000.0,43034664000.0,8299809000.0,80682000.0,1619724000.0,51415155000.0,12553418000.0,871396000.0,-2536540000.0,1926833000.0,-1717069000.0,9217008000.0,8666822000.0,16088237000.0,2189659000.0,1806490000.0,-1593131000.0,12345777000.0,24321881000.0,3001519000.0,314275000.0,3929144000.0,22908829000.0,10540244000.0,9548379000.0,,,25271000.0,80682000.0,24442000.0,1593010000.0,2258960000.0,669561000.0,669561000.0,-7031000.0,-496575000.0,,,,2810000.0,10591977000.0,9922416000.0,8333017000.0,-644290000.0,-41286000.0,22461000.0,24442000.0,251905000.0,242128000.0,-352408000.0,-115847000.0,-354268000.0,232301000.0,24442000.0,1090197000.0,296293000.0,1500580000.0,768915000.0,400000.0,1363883000.0,-238421000.0,419755000.0,-527159000.0,,10591977000.0,24442000.0,0.1681009951510728,,3045307000.0,232199000.0,,-1464011000.0,-27721000.0,,,,,,,,
2021Q2,2141358000.0,41206849000.0,8337034000.0,74009000.0,1787255000.0,49617892000.0,12553418000.0,918474000.0,-2780682000.0,1725294000.0,-1435702000.0,9289652000.0,6941842000.0,17420464000.0,2361035000.0,2660549000.0,-1329506000.0,12368293000.0,22597774000.0,3317296000.0,316410000.0,3906535000.0,20032486000.0,10514513000.0,9751391000.0,,,-179056000.0,74009000.0,-244142000.0,1711345000.0,2283413000.0,564070000.0,564070000.0,2926000.0,-503590000.0,,,,19503000.0,11636901000.0,11072831000.0,9353488000.0,-743126000.0,-41286000.0,-198559000.0,-244142000.0,-262000.0,58095000.0,-694932000.0,467199000.0,-179156000.0,-680496000.0,-244142000.0,-1724980000.0,-561173000.0,-289719000.0,504497000.0,-17550000.0,-295592000.0,-646355000.0,659063000.0,-663807000.0,,11636901000.0,-244142000.0,-0.07907662378308489,,2878380000.0,342435000.0,,-286167000.0,-27721000.0,,,,,,,,
2021Q3,2188083000.0,45372602000.0,7599847000.0,76399000.0,2605774000.0,53048848000.0,12460471000.0,516787000.0,-3062798000.0,1715975000.0,-1797826000.0,9387185000.0,6889844000.0,20233893000.0,2505005000.0,3047397000.0,-1692206000.0,12814967000.0,24242226000.0,1380333000.0,343182000.0,4565427000.0,21353429000.0,11926986000.0,11077197000.0,,,-254478000.0,76399000.0,-282116000.0,1838439000.0,2666073000.0,798494000.0,798494000.0,26005000.0,-420851000.0,,,,16505000.0,12389985000.0,11591491000.0,9723912000.0,-1052972000.0,-6516000.0,-270983000.0,-282116000.0,-14424000.0,880777000.0,-1641084000.0,-49823000.0,-426155000.0,891287000.0,-282116000.0,-51998000.0,292448000.0,1722793000.0,663879000.0,,-218543000.0,-376332000.0,763372000.0,-782673000.0,,12389985000.0,-282116000.0,-0.09219047909691225,,4031431000.0,384956000.0,,-1186675000.0,-27721000.0,,,,,,,,
2021Q4,2706093000.0,47077764000.0,8462532000.0,363091000.0,2328103000.0,55903387000.0,12460471000.0,657606000.0,-2132230000.0,1550362000.0,-1865709000.0,10048171000.0,7528820000.0,21225289000.0,2941270000.0,3530511000.0,-1738423000.0,13026291000.0,26243123000.0,2331256000.0,346855000.0,5155051000.0,22294823000.0,12554791000.0,11701996000.0,,,373475000.0,363091000.0,921271000.0,2147198000.0,3036292000.0,1075385000.0,1075385000.0,-187463000.0,-571078000.0,,,,-590920000.0,13724442000.0,12649057000.0,10688150000.0,-701910000.0,-32128000.0,964395000.0,921271000.0,-204000.0,239014000.0,-860367000.0,588479000.0,387103000.0,347854000.0,921271000.0,638976000.0,122258000.0,989982000.0,657246000.0,,-462859000.0,-173655000.0,11994000.0,-821533000.0,,13724442000.0,921271000.0,-0.025598011426963274,,3425183000.0,454526000.0,,-757353000.0,-27721000.0,,,,,,,,
2017Q2,180687000.0,100896012000.0,18079307000.0,137919000.0,16349935000.0,119113238000.0,7220526000.0,11752910000.0,10284545000.0,5491186000.0,574236000.0,19964495000.0,26663176000.0,73554038000.0,,70163622000.0,660791000.0,88601000.0,72725746000.0,17785241000.0,9175124000.0,12811156000.0,21850788000.0,,8537174000.0,,,253635000.0,137919000.0,502558000.0,507872000.0,765806000.0,0.0,155117000.0,102817000.0,,,,,-246496000.0,765806000.0,610689000.0,0.0,98518000.0,,500131000.0,502558000.0,539090000.0,18931000.0,684626000.0,-330540000.0,-662962000.0,5523829000.0,502558000.0,5741623000.0,,5719959000.0,95843000.0,176552000.0,,-221195000.0,-421202000.0,-5474000.0,,765806000.0,502558000.0,0.00799997965494792,,113379000.0,26040330000.0,-630000000.0,,,,,,,,,,
2017Q3,180209000.0,94960095000.0,18609296000.0,140439000.0,14266434000.0,113709830000.0,7220526000.0,12301268000.0,10517216000.0,5727738000.0,871554000.0,19257005000.0,22883548000.0,67476556000.0,,63828562000.0,871554000.0,79897000.0,70381854000.0,18378010000.0,8779961000.0,14005051000.0,21755801000.0,,8322736000.0,,,-729035000.0,140439000.0,500859000.0,664731000.0,1670070000.0,0.0,-775577000.0,1780916000.0,,,,,-1230699000.0,1670070000.0,2445647000.0,0.0,46542000.0,,501664000.0,500859000.0,-194797000.0,-13688000.0,-91160000.0,-1661058000.0,-2513043000.0,-1169054000.0,500859000.0,-3779628000.0,,-1175425000.0,57569000.0,97563000.0,,-211918000.0,-551111000.0,-3609000.0,,1670070000.0,500859000.0,0.08423281642838765,,51077000.0,23759788000.0,-630000000.0,,,,,,,,,,
2017Q4,169482000.0,107935513000.0,18527813000.0,128286000.0,17594775000.0,126591612000.0,7392092000.0,8227090000.0,10461277000.0,6122481000.0,674444000.0,26281980000.0,23201005000.0,78113316000.0,,72432010000.0,767507000.0,82762000.0,67534314000.0,18321980000.0,10401373000.0,13080281000.0,23699716000.0,,9178313000.0,,,571934000.0,128286000.0,660379000.0,634886000.0,1366149000.0,0.0,534898000.0,196365000.0,,,,,-86551000.0,1366149000.0,831251000.0,0.0,37036000.0,,658485000.0,660379000.0,-13829000.0,-21642000.0,34067000.0,590082000.0,1360018000.0,-1701160000.0,660379000.0,317457000.0,,-1076628000.0,112652000.0,48966000.0,,862999000.0,-126857000.0,-2288000.0,,1366149000.0,660379000.0,0.10677339975756617,,36351000.0,32486723000.0,-608622000.0,,,,,,,,,,
2018Q1,178156000.0,127465177000.0,18702491000.0,166391000.0,18743758000.0,146334059000.0,7392092000.0,17047792000.0,10549932000.0,6027100000.0,760467000.0,24102787000.0,35116227000.0,94653708000.0,,80229084000.0,891413000.0,81917000.0,100750928000.0,18496230000.0,10952542000.0,8543869000.0,26784369000.0,,19043356000.0,,,759136000.0,166391000.0,600358000.0,594461000.0,1481313000.0,0.0,760704000.0,126148000.0,,,,,155773000.0,1481313000.0,720609000.0,0.0,-1568000.0,,603363000.0,600358000.0,-374523000.0,-10532000.0,-350885000.0,-434286000.0,8818236000.0,2594287000.0,600358000.0,11915222000.0,,3447871000.0,39662000.0,27216000.0,,9899027000.0,224096000.0,-3507000.0,,1481313000.0,600358000.0,-0.005731969416489235,,28105000.0,21192166000.0,-608622000.0,,,,,,,,,,
2021Q1,328000000.0,32591000000.0,16644000000.0,1366000000.0,7578000000.0,50601000000.0,7649000000.0,1046000000.0,7066000000.0,4847000000.0,1929000000.0,8285000000.0,1210000000.0,22531000000.0,521000000.0,26000000.0,1929000000.0,15853000000.0,23156000000.0,14330000000.0,,3455000000.0,3429000000.0,7958000000.0,9173000000.0,,,1165000000.0,1366000000.0,923000000.0,1987000000.0,3074000000.0,776000000.0,776000000.0,34000000.0,-117000000.0,,,,212000000.0,17312000000.0,16536000000.0,14238000000.0,389000000.0,,953000000.0,923000000.0,,-5102000000.0,-1732000000.0,3499000000.0,3541000000.0,-1031000000.0,923000000.0,-4462000000.0,,-6271000000.0,259000000.0,276000000.0,-662000000.0,42000000.0,-303000000.0,-809000000.0,2000000.0,17312000000.0,923000000.0,0.12651609854098855,,1828000000.0,451000000.0,-1075000000.0,-249000000.0,,,,,,,,,
2021Q2,322000000.0,33956000000.0,16281000000.0,1332000000.0,8326000000.0,51569000000.0,7651000000.0,950000000.0,6698000000.0,5211000000.0,1932000000.0,7501000000.0,1902000000.0,24999000000.0,629000000.0,1262000000.0,1932000000.0,16302000000.0,24572000000.0,13971000000.0,,3849000000.0,1952000000.0,7867000000.0,9772000000.0,,,873000000.0,1332000000.0,566000000.0,2241000000.0,3603000000.0,1072000000.0,1072000000.0,,-159000000.0,,,,249000000.0,18719000000.0,17647000000.0,15116000000.0,-199000000.0,,624000000.0,566000000.0,,651000000.0,-710000000.0,553000000.0,-629000000.0,189000000.0,566000000.0,692000000.0,,2031000000.0,268000000.0,276000000.0,-133000000.0,-109000000.0,23000000.0,-681000000.0,2000000.0,18719000000.0,566000000.0,-0.11948530571889693,,1828000000.0,339000000.0,-1075000000.0,91000000.0,,,,,,,,,
2021Q3,319000000.0,35900000000.0,16925000000.0,1374000000.0,8126000000.0,54199000000.0,7651000000.0,1018000000.0,7336000000.0,5291000000.0,1938000000.0,7405000000.0,2350000000.0,24712000000.0,641000000.0,1342000000.0,1938000000.0,16827000000.0,26656000000.0,14602000000.0,,4517000000.0,3971000000.0,8534000000.0,9204000000.0,,,954000000.0,1374000000.0,638000000.0,2293000000.0,3765000000.0,1167000000.0,1167000000.0,,-210000000.0,,,,274000000.0,19856000000.0,18689000000.0,16091000000.0,-213000000.0,,680000000.0,638000000.0,,-571000000.0,-670000000.0,1877000000.0,1805000000.0,-11000000.0,638000000.0,448000000.0,,-687000000.0,285000000.0,276000000.0,-789000000.0,-72000000.0,281000000.0,1193000000.0,,19856000000.0,638000000.0,-0.12764692263453403,,1828000000.0,449000000.0,-950000000.0,-667000000.0,,,,,,,,,
2021Q4,319000000.0,40528000000.0,17079000000.0,1317000000.0,9250000000.0,58924000000.0,7651000000.0,995000000.0,7487000000.0,5602000000.0,1941000000.0,7288000000.0,6945000000.0,29076000000.0,633000000.0,1431000000.0,1941000000.0,17330000000.0,30838000000.0,14737000000.0,,3025000000.0,3973000000.0,8788000000.0,15449000000.0,,,1339000000.0,1317000000.0,1017000000.0,2324000000.0,4068000000.0,1443000000.0,1443000000.0,,-270000000.0,,,,230000000.0,21864000000.0,20421000000.0,17796000000.0,-104000000.0,,1109000000.0,1017000000.0,,5772000000.0,-455000000.0,-3111000000.0,-4321000000.0,643000000.0,1017000000.0,4595000000.0,,9371000000.0,282000000.0,276000000.0,1611000000.0,-260000000.0,31000000.0,-2496000000.0,,21864000000.0,1017000000.0,0.13367525774204259,,1828000000.0,554000000.0,-950000000.0,-254000000.0,,,,,,,,,
2021Q1,16146301000.0,25555718000.0,8576584000.0,366685000.0,751856000.0,34498987000.0,6022942000.0,364254000.0,1446002000.0,3371044000.0,1107640000.0,8115302000.0,3597692000.0,7130974000.0,911566000.0,5156327000.0,1107640000.0,1148459000.0,8237069000.0,-7569717000.0,,1657779000.0,14924418000.0,,598372000.0,,,1416106000.0,366685000.0,688940000.0,186349000.0,2620834000.0,1803127000.0,1803127000.0,-29450000.0,-257377000.0,,,,571748000.0,3708082000.0,1904955000.0,1087248000.0,-387021000.0,,844358000.0,688940000.0,79857000.0,-145014000.0,-201778000.0,-387894000.0,-485706000.0,-1687000.0,688940000.0,48705000.0,-5000.0,736194000.0,607043000.0,-20000.0,-1090382000.0,-97812000.0,732769000.0,-27777000.0,20182000.0,3708082000.0,688940000.0,0.0892240251750851,,,851856000.0,-178822000.0,-5250000.0,-11014000.0,,582000.0,,,,,,
2021Q2,17381032000.0,27773238000.0,8207169000.0,344303000.0,2029249000.0,36324710000.0,6022942000.0,741694000.0,1265861000.0,3339961000.0,918366000.0,8393550000.0,3719157000.0,7117715000.0,937184000.0,3966705000.0,918374000.0,1097437000.0,8680040000.0,-9173863000.0,,1576133000.0,17210756000.0,,615589000.0,,,4044000.0,344303000.0,-44039000.0,184152000.0,1586248000.0,326139000.0,326139000.0,-35195000.0,-277404000.0,,,,49679000.0,2578878000.0,2252739000.0,992630000.0,-322095000.0,,-45635000.0,-44039000.0,-33075000.0,12168000.0,-1329156000.0,1024893000.0,430474000.0,-1084360000.0,-44039000.0,121465000.0,5404000.0,1014743000.0,1059053000.0,-20000.0,993387000.0,-435779000.0,87815000.0,-17495000.0,20182000.0,2578878000.0,-44039000.0,-0.022930489918621233,,,772651000.0,-178822000.0,-770000.0,-11014000.0,,448000.0,,,,,,
2021Q3,18057290000.0,30523494000.0,8522987000.0,370118000.0,1017922000.0,39416599000.0,6022942000.0,1073198000.0,1449774000.0,3355338000.0,1050271000.0,8493640000.0,6572828000.0,6712407000.0,866027000.0,4505172000.0,1050279000.0,1119700000.0,10890741000.0,-9534303000.0,,1784418000.0,20350574000.0,,592077000.0,,,453670000.0,370118000.0,183913000.0,233537000.0,1685746000.0,846402000.0,846402000.0,-37325000.0,-358460000.0,,,,289080000.0,2843311000.0,1996909000.0,1157565000.0,-392732000.0,,164590000.0,183913000.0,1189466000.0,-23159000.0,-1426723000.0,3213787000.0,3098621000.0,-176992000.0,183913000.0,2853671000.0,-6613000.0,1188386000.0,592383000.0,-264772000.0,56490000.0,-104152000.0,368972000.0,-49178000.0,,2843311000.0,183913000.0,-0.08560881787977626,,,855228000.0,-99601000.0,3439000.0,-11014000.0,,,,,,,,
2021Q4,21347825000.0,32790644000.0,8264762000.0,301038000.0,816679000.0,41356444000.0,6022942000.0,399932000.0,1151378000.0,3326629000.0,1090442000.0,10113697000.0,4593600000.0,5852489000.0,928206000.0,3822626000.0,1090450000.0,1136670000.0,7909456000.0,-13083063000.0,1087018000.0,1593357000.0,23485862000.0,,582922000.0,,,6421000.0,301038000.0,-133183000.0,203668000.0,1837530000.0,750345000.0,750345000.0,143315000.0,-491415000.0,,,,164138000.0,3113976000.0,2363631000.0,1276446000.0,-743924000.0,,-157717000.0,-133183000.0,133927000.0,-12698000.0,-5254022000.0,-3850786000.0,1625550000.0,333500000.0,-133183000.0,-1979228000.0,-1579000.0,1650823000.0,727857000.0,198664000.0,37008000.0,5585105000.0,588150000.0,-48717000.0,,3113976000.0,-133183000.0,0.03777235232807752,,,848796000.0,-99601000.0,2288000.0,-9168000.0,,,,,,,,
2021Q1,15792705000.0,35111227000.0,17894867000.0,4960000.0,2610002000.0,53011054000.0,7593763000.0,866094000.0,10486790000.0,12842656000.0,-185686000.0,11598420000.0,3332411000.0,9057956000.0,2544690000.0,1628278000.0,-185686000.0,2593789000.0,14666045000.0,2102162000.0,2240626000.0,7714864000.0,13037225000.0,,1762568000.0,,,341678000.0,4960000.0,422032000.0,266794000.0,1716080000.0,1361285000.0,1361285000.0,-126378000.0,-330164000.0,,,,-80673000.0,7110741000.0,5749456000.0,5394661000.0,-1019607000.0,,422351000.0,422032000.0,2630405000.0,-401546000.0,2276369000.0,-1389384000.0,-1389389000.0,-2450000.0,422032000.0,1652014000.0,,765034000.0,238431000.0,226000.0,39436000.0,,-49182000.0,-27791000.0,,7110741000.0,422032000.0,0.05827034552245225,,,8360095000.0,-5000.0,,,,,,,,,,
2021Q2,17197470000.0,33993246000.0,19841104000.0,4904000.0,2175760000.0,53839254000.0,8466810000.0,1187731000.0,11562979000.0,12367238000.0,-2439761000.0,11778377000.0,2661596000.0,9547297000.0,2464775000.0,1409378000.0,-2438399000.0,2581226000.0,14893762000.0,2643634000.0,3468420000.0,7415231000.0,11909610000.0,,2180908000.0,,,2826985000.0,4904000.0,1946237000.0,68196000.0,1423999000.0,1390292000.0,1390292000.0,-252014000.0,-271774000.0,,,,880346000.0,7353982000.0,5963690000.0,5929983000.0,1436693000.0,,1946639000.0,1946237000.0,-1489871000.0,424922000.0,-1950104000.0,-177717000.0,-878710000.0,355887000.0,1946237000.0,-670815000.0,,2157999000.0,241733000.0,-11568000.0,31427000.0,,-1828800000.0,-44133000.0,,7353982000.0,1946237000.0,0.019887228530216294,2251076000.0,,7388419000.0,-700993000.0,,,,,,,,,,
2021Q3,18115117000.0,32849311000.0,20262155000.0,5200000.0,2175420000.0,53116666000.0,8466810000.0,1567031000.0,11987870000.0,12389950000.0,-192525000.0,11664268000.0,827784000.0,10494484000.0,2435285000.0,1569440000.0,-192525000.0,2627980000.0,13256901000.0,2147038000.0,2338481000.0,8370803000.0,9781813000.0,,3198232000.0,,,471187000.0,5200000.0,421051000.0,220871000.0,1449083000.0,1201026000.0,1201026000.0,-230171000.0,-300345000.0,,,,49710000.0,9524667000.0,8323641000.0,8075584000.0,-729839000.0,,421477000.0,421051000.0,1309663000.0,988858000.0,799221000.0,-2769478000.0,-2770135000.0,312238000.0,421051000.0,-1833812000.0,,137102000.0,283318000.0,32144000.0,-675441000.0,,-1531710000.0,-32977000.0,,9524667000.0,421051000.0,0.024446999088334698,,,7452400000.0,-657000.0,,,,,,,,,,
2021Q4,17922717000.0,32584043000.0,19456411000.0,5354000.0,3569108000.0,52045808000.0,8466810000.0,2075301000.0,10948094000.0,11815183000.0,-2209569000.0,11850247000.0,825208000.0,10687593000.0,2464734000.0,1465133000.0,-2208207000.0,2644862000.0,12949150000.0,1533694000.0,1724088000.0,8324553000.0,9898830000.0,,2507867000.0,,,1058328000.0,5354000.0,962001000.0,228975000.0,1716075000.0,1739235000.0,1739235000.0,-510104000.0,-264855000.0,,,,95926000.0,9656728000.0,7917493000.0,7940653000.0,-680907000.0,,962402000.0,962001000.0,908030000.0,-687377000.0,245712000.0,-156832000.0,-871510000.0,-5835000.0,962001000.0,-2576000.0,,623222000.0,285626000.0,23677000.0,514196000.0,,-946275000.0,-77617000.0,,9656728000.0,962001000.0,-0.05951701188459779,2251076000.0,,6678832000.0,-714678000.0,,,,,,,,,,
2021Q1,10180023000.0,72421365000.0,9516939000.0,3122096000.0,60993513000.0,85060400000.0,5700000000.0,,4188018000.0,1893479000.0,-371079000.0,2772353000.0,411828000.0,61315306000.0,,66391000.0,-293967000.0,986164000.0,70576679000.0,-691583000.0,6154850000.0,64010001000.0,9154093000.0,,,,,360728000.0,3122096000.0,241262000.0,359442000.0,692352000.0,215374000.0,215374000.0,117536000.0,-87733000.0,,,,95598000.0,2722567000.0,2507193000.0,2030215000.0,145354000.0,,265130000.0,241262000.0,,0.0,111229000.0,1972778000.0,1757033000.0,-7328774000.0,241262000.0,2966437000.0,,1098175000.0,171500000.0,,7519206000.0,-40396000.0,411324000.0,-120089000.0,7703000.0,2722567000.0,241262000.0,0.022494914346542716,,28499000.0,516682000.0,-183052000.0,,-27124000.0,,45122000.0,,,,,,
2021Q2,10019092000.0,79181881000.0,9807283000.0,3098072000.0,61274664000.0,92087236000.0,5700000000.0,,4304754000.0,8729281000.0,-197471000.0,2815822000.0,261157000.0,64589965000.0,,3055018000.0,-96503000.0,1042845000.0,77724056000.0,-238863000.0,11249086000.0,66213813000.0,5803375000.0,,,,,304339000.0,3098072000.0,180412000.0,366756000.0,808541000.0,367117000.0,367117000.0,74668000.0,-167996000.0,,,,82790000.0,2811861000.0,2444744000.0,2003320000.0,-62778000.0,,221549000.0,180412000.0,,0.0,-247348000.0,-1984056000.0,4516977000.0,2312808000.0,180412000.0,5023386000.0,,753757000.0,247486000.0,,-2259125000.0,6675200000.0,261537000.0,-175838000.0,3268000.0,2811861000.0,180412000.0,-0.13150003521442244,,27054000.0,458367000.0,-150311000.0,,-27124000.0,,50440000.0,,,,,,
2021Q3,9891526000.0,76803060000.0,9824114000.0,3081627000.0,60768185000.0,89708801000.0,5700000000.0,,4441894000.0,9459135000.0,-317780000.0,2891097000.0,179243000.0,61190989000.0,,70590000.0,-219202000.0,989185000.0,75633399000.0,-93022000.0,5016217000.0,70437939000.0,6118427000.0,,,,,382006000.0,3081627000.0,211942000.0,372782000.0,867906000.0,458725000.0,458725000.0,36399000.0,-212131000.0,,,,115179000.0,3009523000.0,2550798000.0,2141617000.0,-76719000.0,,266827000.0,211942000.0,,0.0,-78254000.0,-2905576000.0,-5491878000.0,1820710000.0,211942000.0,-6538986000.0,,-968855000.0,208552000.0,,-4087615000.0,-2467777000.0,457759000.0,-38643000.0,2391000.0,3009523000.0,211942000.0,-0.31491073763564625,,25610000.0,277984000.0,-120915000.0,,-1000.0,,53479000.0,,,,,,
2021Q4,9700289000.0,87436777000.0,9890589000.0,3095269000.0,71221569000.0,100422635000.0,5700000000.0,,4542989000.0,9426572000.0,-352400000.0,2923034000.0,350104000.0,74584094000.0,,2912802000.0,-253822000.0,971151000.0,86543162000.0,190300000.0,5225593000.0,80967465000.0,3382302000.0,,,,,454280000.0,3095269000.0,336855000.0,410792000.0,1029381000.0,569786000.0,569786000.0,48803000.0,-259084000.0,,,,49296000.0,3141489000.0,2571703000.0,2112108000.0,-115506000.0,,404984000.0,336855000.0,,0.0,-148849000.0,-5641000.0,-362607000.0,10241511000.0,336855000.0,382125000.0,,893582000.0,207098000.0,,-10479493000.0,-214314000.0,530884000.0,-89886000.0,1000.0,3141489000.0,336855000.0,0.11008400347650338,,,284999000.0,-129291000.0,,-13362000.0,,34268000.0,,,,,,
2021Q1,14996759000.0,15598006000.0,13127552000.0,1076349000.0,1804869000.0,29801907000.0,7667615000.0,2425216000.0,-90975000.0,3026449000.0,5550912000.0,2062913000.0,1485238000.0,9627525000.0,814722000.0,6499354000.0,5649564000.0,4330360000.0,8397075000.0,-1869207000.0,1994992000.0,2099549000.0,776000.0,392080000.0,792847000.0,,,-62370000.0,1076349000.0,-90975000.0,466658000.0,704145000.0,48031000.0,48031000.0,27005000.0,-135540000.0,,,,-2054000.0,1105481000.0,1057450000.0,401336000.0,-110401000.0,-30856000.0,-60316000.0,-90975000.0,2256000.0,-36686000.0,-131877000.0,-722809000.0,-741433000.0,50717000.0,-90975000.0,-720108000.0,,153202000.0,121191000.0,,-5094000.0,-18624000.0,138118000.0,-41500000.0,484000.0,1105481000.0,-90975000.0,-0.01339092592298885,,,14800000.0,,-55980000.0,-484000.0,,,,,,,,
2021Q2,14932706000.0,15516938000.0,13047051000.0,1064241000.0,1755925000.0,29628230000.0,7667615000.0,2380459000.0,-183918000.0,2990138000.0,5563354000.0,2044384000.0,1205161000.0,4388836000.0,863819000.0,1355780000.0,5660852000.0,4332780000.0,8303010000.0,-1885655000.0,2193742000.0,2074793000.0,5156476000.0,448855000.0,703009000.0,,,-130103000.0,1064241000.0,-92943000.0,537192000.0,755504000.0,22128000.0,22128000.0,6029000.0,-173709000.0,,,,-47795000.0,1152559000.0,1130431000.0,397055000.0,-152231000.0,-24301000.0,-82308000.0,-92943000.0,-170958000.0,-93165000.0,-253358000.0,-29781000.0,-87420000.0,19444000.0,-92943000.0,-280077000.0,,60701000.0,63364000.0,,-118581000.0,-58123000.0,259319000.0,-15542000.0,484000.0,1152559000.0,-92943000.0,-0.12302979774944134,,,15350000.0,,-73456000.0,-484000.0,,,,,,,,
2021Q3,14866893000.0,15172747000.0,12678986000.0,1046888000.0,1757476000.0,28898621000.0,7667615000.0,2221491000.0,-554140000.0,2988043000.0,5565511000.0,2027185000.0,1133247000.0,5095707000.0,915507000.0,1996791000.0,5613919000.0,4146098000.0,7843675000.0,-2187907000.0,2035003000.0,2027983000.0,4244245000.0,425951000.0,710554000.0,,,-258676000.0,1046888000.0,-370222000.0,513813000.0,538318000.0,-94171000.0,-94171000.0,-2618000.0,-202363000.0,,,,-43091000.0,1022437000.0,1116608000.0,484119000.0,-164505000.0,-169952000.0,-215585000.0,-370222000.0,200447000.0,-11733000.0,134919000.0,-287511000.0,-337436000.0,15414000.0,-370222000.0,-71914000.0,,130603000.0,165982000.0,,4480000.0,-49441000.0,341969000.0,-13722000.0,,1022437000.0,-370222000.0,-0.3010484382636752,,,14770000.0,,-14914000.0,-484000.0,,,,,,,,
2021Q4,15575954000.0,14742189000.0,12726590000.0,1044074000.0,389733000.0,28512853000.0,7667615000.0,124467000.0,,3018936000.0,5058975000.0,1752258000.0,1601468000.0,4087999000.0,904160000.0,2120577000.0,5116787000.0,4201251000.0,6967942000.0,-2849364000.0,2425201000.0,2450526000.0,4745805000.0,366280000.0,964221000.0,,,-54219000.0,1044074000.0,65015000.0,715177000.0,876380000.0,100890000.0,100890000.0,-3383000.0,-230310000.0,,,,49095000.0,1497579000.0,1396689000.0,621199000.0,-155109000.0,173647000.0,-103314000.0,65015000.0,-353392000.0,261737000.0,-143286000.0,462406000.0,452412000.0,-70652000.0,65015000.0,468221000.0,,159095000.0,35857000.0,,-348293000.0,-4929000.0,-39538000.0,-62513000.0,,1497579000.0,65015000.0,-0.11214283725436813,,,15448000.0,,8943000.0,-5065000.0,,,,,,,,
2021Q1,6913972000.0,27665903000.0,19237507000.0,300736000.0,4660201000.0,47204146000.0,10800000000.0,1948271000.0,8096969000.0,9435856000.0,340538000.0,16129050000.0,2924126000.0,10203834000.0,1235620000.0,1769527000.0,340538000.0,9590533000.0,11433290000.0,12323535000.0,1505000.0,6368020000.0,7866215000.0,159094000.0,2036920000.0,,,1027088000.0,300736000.0,785845000.0,247440000.0,1047676000.0,959486000.0,959486000.0,-159250000.0,-2394000.0,,,,267849000.0,4985793000.0,4026307000.0,3938117000.0,67602000.0,35935000.0,759239000.0,785845000.0,-16282000.0,-286370000.0,-432712000.0,-380007000.0,-385250000.0,18871000.0,785845000.0,-298642000.0,,519320000.0,256976000.0,-23474000.0,260661000.0,-754000.0,-375371000.0,-51628000.0,,4985793000.0,785845000.0,-0.08595987148897044,,,3137301000.0,-4489000.0,3774000.0,,,129436000.0,,,,,,
2021Q2,7005146000.0,26875473000.0,20171674000.0,329486000.0,3711188000.0,47376633000.0,10800000000.0,1870067000.0,9058382000.0,9543956000.0,313292000.0,17449974000.0,1437628000.0,9848595000.0,1128801000.0,2288860000.0,313292000.0,9613779000.0,10153097000.0,13166528000.0,,6621014000.0,7316225000.0,187604000.0,2206102000.0,,,1268969000.0,329486000.0,949988000.0,241559000.0,1445268000.0,1193477000.0,1193477000.0,10232000.0,-4741000.0,,,,311972000.0,5427019000.0,4233542000.0,3981751000.0,75492000.0,47661000.0,956997000.0,949988000.0,36313000.0,49795000.0,-364336000.0,-83184000.0,-1335130000.0,-251852000.0,949988000.0,-1210486000.0,,488980000.0,254519000.0,-23864000.0,99935000.0,-854000.0,-704601000.0,-12957000.0,,5427019000.0,949988000.0,0.09843259592984377,,,3154637000.0,-1251092000.0,-35502000.0,,,1496099000.0,,,,,,
2021Q3,8752099000.0,27916786000.0,21564137000.0,352983000.0,2284295000.0,49833906000.0,10800000000.0,214303000.0,10495281000.0,10125779000.0,268856000.0,16222049000.0,4853273000.0,9823631000.0,1001759000.0,2644326000.0,268856000.0,9506631000.0,12014431000.0,12812038000.0,,6722350000.0,7814706000.0,182324000.0,2844672000.0,,,2395619000.0,352983000.0,2829102000.0,278803000.0,792114000.0,2379931000.0,2379931000.0,-1866620000.0,-3796000.0,,,,648981000.0,6977783000.0,4597852000.0,6185669000.0,15688000.0,1105961000.0,1746638000.0,2829102000.0,-68499000.0,622433000.0,1950665000.0,731945000.0,-464115000.0,2202556000.0,2829102000.0,3423869000.0,,1937319000.0,262302000.0,2491690000.0,-686559000.0,-242000.0,-3189987000.0,-74510000.0,,6977783000.0,2829102000.0,-0.07534247460818355,,,3338696000.0,-1195818000.0,16484000.0,,,642316000.0,,,,,,
2021Q4,9215560000.0,27362300000.0,21837024000.0,338211000.0,1099469000.0,49537535000.0,10800000000.0,383922000.0,10610854000.0,10115007000.0,426170000.0,15378941000.0,3472845000.0,7979993000.0,963259000.0,2724255000.0,426170000.0,10346647000.0,11189872000.0,12621464000.0,16121000.0,7065556000.0,9101806000.0,197779000.0,2585735000.0,,,427001000.0,338211000.0,387638000.0,351757000.0,1808793000.0,546830000.0,546830000.0,910206000.0,-5671000.0,,,,30830000.0,6593692000.0,6046862000.0,4784899000.0,-119829000.0,,396171000.0,387638000.0,-36622000.0,-439156000.0,-1121709000.0,759664000.0,-699932000.0,1267754000.0,387638000.0,-1096192000.0,,725449000.0,308742000.0,,114998000.0,-36677000.0,324255000.0,-199042000.0,,6593692000.0,387638000.0,0.12932100375693234,,,3406515000.0,-1422919000.0,-15455000.0,,,383740000.0,,,,,,
2021Q1,16378877000.0,54926783000.0,10070892000.0,11959647000.0,1713086000.0,76957322000.0,6365853000.0,963442000.0,7037976000.0,10284878000.0,-3332937000.0,11277303000.0,7933170000.0,7925276000.0,2150103000.0,2182310000.0,-3241779000.0,22565535000.0,17083111000.0,-7432277000.0,3805040000.0,3419484000.0,34162954000.0,961975000.0,2575411000.0,,,666439000.0,11959647000.0,638807000.0,522263000.0,1345932000.0,829886000.0,829886000.0,-6217000.0,-591091000.0,,,,-41824000.0,4715799000.0,3885913000.0,3369867000.0,-163447000.0,,708263000.0,638807000.0,1574992000.0,-152515000.0,9257452000.0,-6390496000.0,-6933815000.0,-114831000.0,638807000.0,3319117000.0,152736000.0,842744000.0,311311000.0,24405000.0,-45005000.0,-505471000.0,258464000.0,-467800000.0,963000.0,4715799000.0,638807000.0,0.08957034940781328,,1124292000.0,8528204000.0,-3319000.0,-6828000.0,-34529000.0,,,,,,,,
2021Q2,16483636000.0,56870644000.0,10315923000.0,11786988000.0,3161370000.0,78973555000.0,6365853000.0,1252883000.0,7568202000.0,10904552000.0,-3618132000.0,11297038000.0,8567450000.0,9820134000.0,2354182000.0,2188221000.0,-3526974000.0,23281701000.0,19127182000.0,-7251928000.0,3656375000.0,4572908000.0,33580446000.0,1077566000.0,3308876000.0,,,1458904000.0,11786988000.0,942357000.0,665387000.0,1617822000.0,1222944000.0,1222944000.0,-270509000.0,-663128000.0,,,,263786000.0,6551001000.0,5328057000.0,4933179000.0,235960000.0,,1195118000.0,942357000.0,114501000.0,764678000.0,-1036621000.0,797994000.0,-87671000.0,-333512000.0,942357000.0,634280000.0,-157588000.0,1916160000.0,616217000.0,170520000.0,-227444000.0,-163998000.0,517782000.0,-1324732000.0,963000.0,6551001000.0,942357000.0,0.05373907025612934,,1084215000.0,7699783000.0,-722630000.0,-134853000.0,-963000.0,,,,,,,,
2021Q3,16601649000.0,64640720000.0,14162111000.0,12073901000.0,2544557000.0,90876732000.0,6365853000.0,1263734000.0,10832884000.0,10854055000.0,-3036626000.0,11860991000.0,15628197000.0,9222328000.0,2491149000.0,2045514000.0,-2959263000.0,23757159000.0,26937492000.0,-3564022000.0,3982536000.0,4847699000.0,41905160000.0,1215326000.0,3303596000.0,,,3440716000.0,12073901000.0,3264681000.0,728261000.0,1933385000.0,1258925000.0,1258925000.0,-53801000.0,-1063410000.0,,,,82696000.0,6890471000.0,5631546000.0,4957086000.0,2181791000.0,,3358020000.0,3264681000.0,-397816000.0,47530000.0,-1330216000.0,7023311000.0,7033558000.0,101663000.0,3264681000.0,7060747000.0,161163000.0,1196242000.0,636995000.0,162713000.0,-210526000.0,299250000.0,-2214656000.0,-1095113000.0,8428000.0,6890471000.0,3264681000.0,-0.14093696760507446,,1124484000.0,10594957000.0,-288040000.0,-127168000.0,-963000.0,,,,,,,,
2021Q4,16648681000.0,68972001000.0,14740937000.0,14129085000.0,3739395000.0,97842023000.0,6365853000.0,1033137000.0,10655992000.0,11735438000.0,-2280908000.0,16119754000.0,16174130000.0,12957036000.0,3051628000.0,4092436000.0,-2211844000.0,24595820000.0,27293183000.0,-3040561000.0,466000.0,4563450000.0,41417669000.0,1149304000.0,3481242000.0,,,333964000.0,14129085000.0,1277371000.0,854112000.0,1441962000.0,445472000.0,445472000.0,142378000.0,-1450631000.0,,,,-755411000.0,6749879000.0,6304407000.0,5307917000.0,-111508000.0,,1089375000.0,1277371000.0,-614278000.0,20081000.0,-1885411000.0,925998000.0,1037154000.0,81434000.0,1277371000.0,545933000.0,127354000.0,1266836000.0,657013000.0,500683000.0,167368000.0,930233000.0,-546153000.0,-1179083000.0,8428000.0,6749879000.0,1277371000.0,0.043808650222201484,,1132817000.0,12051768000.0,-827505000.0,25229000.0,,,,,,,,,
2021Q1,8851806000.0,36889412000.0,14867792000.0,310676000.0,2266641000.0,52067880000.0,9388071000.0,3237057000.0,8839624000.0,7804861000.0,-3359903000.0,18864567000.0,4618910000.0,14582519000.0,332278000.0,5013475000.0,-3359903000.0,8705514000.0,14417057000.0,6009871000.0,948806000.0,5409190000.0,14502032000.0,110216000.0,2550285000.0,,,1421015000.0,310676000.0,946336000.0,284957000.0,1891312000.0,1488626000.0,1488626000.0,-360262000.0,-139146000.0,,,,459778000.0,8288125000.0,6799499000.0,6396813000.0,-67611000.0,,961237000.0,946336000.0,923818000.0,-922832000.0,266434000.0,-8356000.0,55028000.0,-454438000.0,946336000.0,700116000.0,,378654000.0,423810000.0,-724000.0,289822000.0,75597000.0,271100000.0,-53490000.0,,8288125000.0,946336000.0,-0.055538377241128645,,6115000.0,1222821000.0,-12213000.0,-78010000.0,,,,,,,,,
2021Q2,8789416000.0,40750416000.0,15093770000.0,287223000.0,1826965000.0,56131409000.0,9388071000.0,2174255000.0,9089323000.0,13969484000.0,-3383624000.0,25922955000.0,2738478000.0,12459444000.0,640867000.0,2675735000.0,-3383624000.0,8808609000.0,11432989000.0,6298239000.0,283106000.0,6034486000.0,14321488000.0,119097000.0,3239631000.0,,,1613578000.0,287223000.0,1107775000.0,306879000.0,1898213000.0,1567838000.0,1567838000.0,-507000000.0,-147439000.0,,,,487525000.0,8812807000.0,7244969000.0,6914594000.0,45740000.0,,1126053000.0,1107775000.0,663155000.0,649668000.0,-320494000.0,-1832767000.0,-2892753000.0,-772325000.0,1107775000.0,-1880433000.0,,1332812000.0,430704000.0,-724000.0,36531000.0,679080000.0,-30514000.0,-240184000.0,,8812807000.0,1107775000.0,-0.0885344875348375,,6115000.0,1171325000.0,-1739066000.0,76078000.0,,,,,,,,,
2021Q3,8862375000.0,46579060000.0,14756053000.0,304508000.0,3327327000.0,61639621000.0,9388071000.0,3742707000.0,8768870000.0,14163039000.0,-3400888000.0,27282737000.0,4633805000.0,13533339000.0,410209000.0,3209510000.0,-3400888000.0,8739476000.0,15455025000.0,5887563000.0,287057000.0,6595907000.0,18882682000.0,121305000.0,4195658000.0,,,1971755000.0,304508000.0,1401850000.0,333933000.0,2181171000.0,1990169000.0,1990169000.0,-683686000.0,-187094000.0,,,,535958000.0,11189884000.0,9199715000.0,9008713000.0,-18414000.0,,1435797000.0,1401850000.0,-4286000.0,997393000.0,-918829000.0,2008669000.0,2076175000.0,-1520644000.0,1401850000.0,1895326000.0,,737982000.0,434534000.0,1276000.0,-429089000.0,71826000.0,-115251000.0,-90603000.0,,11189884000.0,1401850000.0,-0.020377331188829673,,6115000.0,1293893000.0,-4320000.0,-41935000.0,,,,,,,,,
2021Q4,9667494000.0,49314000000.0,15146202000.0,1659676000.0,2016936000.0,66119878000.0,9388071000.0,3940193000.0,9264306000.0,15414902000.0,-3506175000.0,30819551000.0,2199952000.0,12913717000.0,231594000.0,4034836000.0,-3506175000.0,8754616000.0,15552504000.0,5472593000.0,585858000.0,8556198000.0,20985381000.0,150867000.0,2999176000.0,,,1609111000.0,1659676000.0,1292087000.0,495772000.0,2463682000.0,1996550000.0,1996550000.0,-569518000.0,-268461000.0,,,,278447000.0,10919332000.0,8922782000.0,8455650000.0,-387439000.0,,1330664000.0,1292087000.0,-214135000.0,-472548000.0,-3233628000.0,1956698000.0,-612367000.0,-109615000.0,1292087000.0,-2433852000.0,,1412143000.0,462366000.0,219185000.0,-143317000.0,-26169000.0,213653000.0,-153285000.0,,10919332000.0,1292087000.0,0.12973174588086978,,6115000.0,1319598000.0,-812896000.0,123378000.0,,,,,,,,,
2021Q1,1039193000.0,8560044000.0,13244575000.0,,2455755000.0,21804619000.0,7473980000.0,265052000.0,5324099000.0,2744035000.0,327018000.0,723450000.0,5116457000.0,4400126000.0,,58858000.0,327018000.0,6894524000.0,8714353000.0,9008795000.0,1431000.0,2722792000.0,1336424000.0,608621000.0,1619709000.0,,,3484938000.0,,2362662000.0,213879000.0,3731500000.0,3402883000.0,3402883000.0,114738000.0,-61890000.0,,,,1122276000.0,5638570000.0,2235687000.0,1907070000.0,82055000.0,,2362662000.0,2362662000.0,-211314000.0,41767000.0,-132832000.0,-18614000.0,-143900000.0,-66200000.0,2362662000.0,2143936000.0,,2420668000.0,153894000.0,,164377000.0,-427186000.0,-184105000.0,-132832000.0,1370107000.0,5638570000.0,2362662000.0,0.09648149058341104,119478000.0,3196587000.0,1236512000.0,-1068207000.0,-108065000.0,-22245000.0,,,,,,,,
2021Q2,1031373000.0,11835005000.0,15490964000.0,,3852683000.0,27325969000.0,7473980000.0,152243000.0,7536331000.0,2467996000.0,353611000.0,765917000.0,9065450000.0,6372934000.0,,255410000.0,353611000.0,7221814000.0,13838984000.0,11263004000.0,1886000.0,3670365000.0,2914860000.0,949040000.0,1958788000.0,,,3834621000.0,,2500637000.0,483003000.0,5260563000.0,4448788000.0,4448788000.0,328772000.0,-34502000.0,,,,1333984000.0,7693327000.0,3244539000.0,2432764000.0,-614167000.0,,2500637000.0,2500637000.0,-211314000.0,103407000.0,-466903000.0,1919523000.0,1817208000.0,123009000.0,2500637000.0,3948993000.0,,2598688000.0,177360000.0,,-1006961000.0,-80070000.0,1078971000.0,-466903000.0,,7693327000.0,2500637000.0,-0.08173558562656735,127042000.0,3196587000.0,1271294000.0,-2136459000.0,-362313000.0,-22245000.0,,,,,,,,
2021Q3,1026351000.0,14120988000.0,14239593000.0,,5288430000.0,28360581000.0,7473980000.0,300695000.0,6492342000.0,2317045000.0,146229000.0,823941000.0,11830791000.0,7369762000.0,,320726000.0,327049000.0,7433888000.0,14545213000.0,10016655000.0,212739000.0,947545000.0,4330093000.0,1253443000.0,1497437000.0,,,1165668000.0,,804065000.0,336599000.0,1047722000.0,977459000.0,977459000.0,-266336000.0,-187293000.0,,,,361603000.0,3057586000.0,2080127000.0,2009864000.0,188209000.0,,804065000.0,804065000.0,-211314000.0,-674068000.0,-555507000.0,1225873000.0,-1090934000.0,1627855000.0,804065000.0,2765341000.0,,4411782000.0,192133000.0,,2827588000.0,-35209000.0,1967057000.0,-344193000.0,,3057586000.0,804065000.0,-0.2692307893844944,127042000.0,3196587000.0,1334601000.0,-2136459000.0,-337238000.0,-145139000.0,,,,,,,,
2021Q4,984854000.0,12992845000.0,13998289000.0,,4624212000.0,26991134000.0,7473980000.0,153062000.0,6722467000.0,2205988000.0,-339881000.0,966843000.0,10716802000.0,6532581000.0,,478410000.0,311136000.0,7692003000.0,12797847000.0,9777034000.0,217023000.0,855755000.0,4234652000.0,855205000.0,1150427000.0,,,719417000.0,,703602000.0,348942000.0,973491000.0,593191000.0,593191000.0,31358000.0,,,,,15815000.0,2650387000.0,2057196000.0,1676896000.0,126226000.0,,703602000.0,703602000.0,211314000.0,-555148000.0,-180762000.0,-37982000.0,-543860000.0,-725481000.0,703602000.0,-1113989000.0,,-389367000.0,228020000.0,,118008000.0,,-2105180000.0,-392076000.0,,2650387000.0,703602000.0,0.07639094651887723,141723000.0,3236401000.0,1313186000.0,,159170000.0,-505878000.0,,,,,,,,
2021Q1,785490000.0,4472881000.0,347610000.0,8843000.0,1973119000.0,4829334000.0,1320889000.0,787611000.0,-1123215000.0,547045000.0,149936000.0,778308000.0,711857000.0,2706002000.0,631806000.0,127367000.0,150894000.0,74626000.0,2809076000.0,-819714000.0,37000000.0,1234749000.0,1184705000.0,,398423000.0,,,-117648000.0,8843000.0,-77046000.0,222332000.0,165935000.0,-113163000.0,-113163000.0,9898000.0,-25470000.0,,,,-36166000.0,165935000.0,279098000.0,0.0,-4485000.0,,-81482000.0,-77046000.0,,-214009000.0,-22000000.0,-355601000.0,-37321000.0,12697000.0,-77046000.0,-198972000.0,18325000.0,-157976000.0,24019000.0,,60424000.0,-42550000.0,-34336000.0,-129000.0,360830000.0,165935000.0,-77046000.0,0.3556945729870755,,381834000.0,,,45158000.0,,,,,,,,,
2021Q2,722314000.0,4566234000.0,154293000.0,7494000.0,2058183000.0,4728021000.0,1320889000.0,699944000.0,-1126148000.0,534497000.0,-40448000.0,814102000.0,583947000.0,3052304000.0,668591000.0,349816000.0,-40302000.0,58886000.0,2750885000.0,-949855000.0,71300000.0,1356468000.0,952062000.0,,430918000.0,,,-208822000.0,7494000.0,-171018000.0,202290000.0,115520000.0,-173706000.0,-173706000.0,41482000.0,-35116000.0,,,,-33252000.0,115520000.0,289226000.0,0.0,-35116000.0,,-175570000.0,-171018000.0,,192680000.0,-24291000.0,-2285000.0,-34759000.0,-120693000.0,-171018000.0,-127910000.0,-24260000.0,-44600000.0,22757000.0,,-76020000.0,-33285000.0,-10999000.0,-146000.0,811000.0,115520000.0,-171018000.0,-0.07705321320543657,,381834000.0,,,83823000.0,,,,,,,,,
2021Q3,729125000.0,4771582000.0,519798000.0,1657000.0,2294460000.0,5293037000.0,1371723000.0,755531000.0,-1207196000.0,564612000.0,-42484000.0,805170000.0,663505000.0,3291464000.0,663558000.0,233004000.0,-42362000.0,64943000.0,3311965000.0,-591161000.0,107197000.0,1737405000.0,887096000.0,,553065000.0,,,-80592000.0,1657000.0,-81049000.0,226899000.0,230374000.0,-66693000.0,-66693000.0,24961000.0,-13899000.0,,,,3219000.0,230374000.0,297067000.0,0.0,-13899000.0,,-83811000.0,-81049000.0,,348166000.0,-26817000.0,-198267000.0,225443000.0,-65734000.0,-81049000.0,79558000.0,14031000.0,-133099000.0,21339000.0,,-370815000.0,-23259000.0,10979000.0,-148000.0,446969000.0,230374000.0,-81049000.0,-0.2516705347767433,397755000.0,381834000.0,,,-53765000.0,,,,,,,,,
2021Q4,726285000.0,4581897000.0,375292000.0,,2235515000.0,4957189000.0,1371723000.0,714181000.0,-1354427000.0,390500000.0,-37759000.0,792938000.0,795839000.0,3359704000.0,654741000.0,235836000.0,-37637000.0,73185000.0,2982947000.0,-732827000.0,190807000.0,1244638000.0,803971000.0,,671444000.0,,,-138243000.0,,-147231000.0,311033000.0,314037000.0,-137752000.0,-137752000.0,71531000.0,-59465000.0,,,,7537000.0,314037000.0,451789000.0,0.0,-491000.0,,-145780000.0,-147231000.0,,-181207000.0,-60526000.0,-2502000.0,-42777000.0,-7291000.0,-147231000.0,132334000.0,4403000.0,231234000.0,28086000.0,,438489000.0,-49812000.0,17778000.0,-11687000.0,9537000.0,314037000.0,-147231000.0,-0.24410975041948324,395755000.0,381834000.0,,,41755000.0,,,,,,,,,
2021Q1,13306000.0,5656026000.0,5696173000.0,304875000.0,1350484000.0,11657074000.0,3395744000.0,163426000.0,2566154000.0,1379023000.0,-265725000.0,2716998000.0,183084000.0,2208652000.0,429000.0,605827000.0,-73501000.0,70127000.0,6149962000.0,5679829000.0,102546000.0,1483840000.0,2068351000.0,2599699000.0,196696000.0,,,226040000.0,304875000.0,192285000.0,190165000.0,346540000.0,146675000.0,146675000.0,9700000.0,-16954000.0,,,,17847000.0,1003732000.0,857057000.0,657192000.0,79365000.0,,208193000.0,192285000.0,-42076000.0,-52185000.0,-20590000.0,-26225000.0,-29153000.0,21284000.0,192285000.0,-16999000.0,,32744000.0,9867000.0,25256000.0,-134244000.0,-2928000.0,9139000.0,-3577000.0,,1003732000.0,192285000.0,-0.10193928460807422,,3038000.0,2703643000.0,-418062000.0,-22458000.0,,,3748000.0,,,,,,
2021Q2,13120000.0,6083620000.0,5962214000.0,330824000.0,1051604000.0,12376658000.0,3395744000.0,157050000.0,2833128000.0,1406365000.0,-266658000.0,2766833000.0,292013000.0,1946022000.0,1252000.0,618436000.0,-74434000.0,81496000.0,6683988000.0,5946098000.0,152984000.0,1544690000.0,2731233000.0,2898263000.0,196906000.0,,,311399000.0,330824000.0,266974000.0,200307000.0,432284000.0,227562000.0,227562000.0,4415000.0,-25348000.0,,,,21047000.0,1182019000.0,954457000.0,749735000.0,83837000.0,,290352000.0,266974000.0,-157737000.0,177006000.0,-103300000.0,661778000.0,246287000.0,-56082000.0,266974000.0,108929000.0,,-34058000.0,9539000.0,73583000.0,-69907000.0,2571000.0,-4407000.0,-19138000.0,,1182019000.0,266974000.0,-0.1136687566179918,,2996000.0,2828225000.0,-418062000.0,-358144000.0,,,3056000.0,,,,,,
2021Q3,13013000.0,6558432000.0,6198685000.0,405850000.0,1203350000.0,13162967000.0,3395744000.0,170762000.0,3070673000.0,1622690000.0,-267732000.0,2821262000.0,255175000.0,2134362000.0,1184000.0,601747000.0,-75508000.0,117923000.0,7285661000.0,6167842000.0,253909000.0,1680494000.0,2801380000.0,3197064000.0,229818000.0,,,292826000.0,405850000.0,237546000.0,216933000.0,446897000.0,210344000.0,210344000.0,19620000.0,-38515000.0,,,,26584000.0,1288339000.0,1077995000.0,841442000.0,82482000.0,,266242000.0,237546000.0,-159240000.0,267555000.0,-178543000.0,29521000.0,75851000.0,68047000.0,237546000.0,-36838000.0,,65854000.0,10170000.0,40480000.0,-101791000.0,46330000.0,-22282000.0,-44897000.0,,1288339000.0,237546000.0,-0.2570281244132626,,17830000.0,2907278000.0,,-390483000.0,,,2366000.0,,,,,,
2021Q4,12958000.0,7039246000.0,6198052000.0,603872000.0,1531073000.0,13841170000.0,3395744000.0,194715000.0,3071065000.0,1555177000.0,-268757000.0,2857860000.0,205944000.0,2562219000.0,1177000.0,703831000.0,-76533000.0,124188000.0,7960916000.0,6164015000.0,2298888000.0,1740425000.0,2921850000.0,3498628000.0,219163000.0,,,275671000.0,603872000.0,217552000.0,241892000.0,499786000.0,196472000.0,196472000.0,61422000.0,-67695000.0,,,,23142000.0,1415683000.0,1219211000.0,915897000.0,79199000.0,,252529000.0,217552000.0,-222799000.0,-155834000.0,-169522000.0,201383000.0,581589000.0,-188185000.0,217552000.0,-49231000.0,,-461298000.0,6949000.0,57348000.0,-86182000.0,380206000.0,-43073000.0,-758000.0,,1415683000.0,217552000.0,0.010210215026356328,,21079000.0,2864169000.0,,-218861000.0,,,1676000.0,,,,,,
2021Q1,407893000.0,6198321000.0,5023506000.0,1596000.0,267457000.0,11223423000.0,1970189000.0,137743000.0,2153706000.0,885044000.0,680880000.0,565810000.0,1262001000.0,2360786000.0,255345000.0,122528000.0,756901000.0,4926785000.0,3979630000.0,4291457000.0,,1461153000.0,2610546000.0,1118733000.0,1176391000.0,,,269574000.0,1596000.0,172627000.0,262942000.0,588610000.0,324953000.0,324953000.0,-999000.0,-23111000.0,,,,96875000.0,1768126000.0,1443173000.0,1179516000.0,-55379000.0,,172699000.0,172627000.0,-17151000.0,68762000.0,-122855000.0,-104879000.0,-683541000.0,-9821000.0,172627000.0,-466412000.0,1764000.0,338220000.0,173020000.0,,-7052000.0,,100935000.0,-124428000.0,2693000.0,1768126000.0,172627000.0,0.09064008307905702,218731000.0,324156000.0,1019149000.0,-516385000.0,-179489000.0,-62277000.0,,,,,,,,
2021Q2,407084000.0,6234534000.0,5654441000.0,1149000.0,306008000.0,11890124000.0,1970189000.0,135081000.0,2872245000.0,777179000.0,593276000.0,894151000.0,1326340000.0,2518299000.0,40796000.0,116122000.0,666604000.0,4977174000.0,4219333000.0,4923201000.0,,1590807000.0,2590207000.0,1167105000.0,1243566000.0,,,1050682000.0,1149000.0,716548000.0,291333000.0,625628000.0,782883000.0,782883000.0,-448588000.0,-59749000.0,,,,334082000.0,1974129000.0,1191246000.0,1348501000.0,267799000.0,,716600000.0,716548000.0,-17151000.0,89162000.0,-201781000.0,-42228000.0,-39535000.0,12230000.0,716548000.0,64339000.0,-8214000.0,313869000.0,174466000.0,,-124290000.0,,-564193000.0,-186076000.0,2693000.0,1974129000.0,716548000.0,-0.007053719628115851,218731000.0,324156000.0,1068226000.0,-877364000.0,-68670000.0,-31539000.0,,,,,,,,
2021Q3,413018000.0,6455777000.0,6013797000.0,1298000.0,350336000.0,12470872000.0,1970189000.0,134683000.0,3127797000.0,839419000.0,697080000.0,974143000.0,1406024000.0,2684248000.0,32456000.0,141807000.0,801947000.0,5065938000.0,4571755000.0,5276623000.0,,1779678000.0,2572553000.0,1251370000.0,1266148000.0,,,403987000.0,1298000.0,255266000.0,309412000.0,744083000.0,412346000.0,412346000.0,22325000.0,-79823000.0,,,,148651000.0,2177147000.0,1764801000.0,1433064000.0,-8359000.0,,255336000.0,255266000.0,-6500000.0,29162000.0,-235450000.0,-42200000.0,-73739000.0,30862000.0,255266000.0,79684000.0,3633000.0,385240000.0,177119000.0,,-169086000.0,,42701000.0,-216344000.0,2159000.0,2177147000.0,255266000.0,-0.05464483401197484,218731000.0,324156000.0,1121862000.0,-877364000.0,-68968000.0,-31539000.0,,,,,,,,
2021Q4,426234000.0,7685420000.0,5733581000.0,1330000.0,303929000.0,13420331000.0,2370189000.0,71621000.0,2428901000.0,921618000.0,715760000.0,1389828000.0,1421302000.0,3371691000.0,294868000.0,848798000.0,818873000.0,5264082000.0,4661437000.0,4983191000.0,,1735291000.0,3019092000.0,1433223000.0,1702631000.0,,,264822000.0,1330000.0,580966000.0,361319000.0,816720000.0,439826000.0,439826000.0,12894000.0,-83968000.0,,,,-316225000.0,2250839000.0,1811013000.0,1434119000.0,-175004000.0,,581047000.0,580966000.0,-115380000.0,376970000.0,-508759000.0,729668000.0,-145537000.0,20239000.0,580966000.0,15278000.0,-1480000.0,671054000.0,175724000.0,,84350000.0,,-219300000.0,-270571000.0,2159000.0,2250839000.0,580966000.0,2.0212751339343527e-07,218731000.0,324156000.0,1354594000.0,-877364000.0,-223269000.0,,,,,,,,,
2021Q1,8162132000.0,11200766000.0,144166000.0,,381486000.0,11344932000.0,360900000.0,77868000.0,-278502000.0,1665552000.0,61768000.0,778453000.0,1526909000.0,2590042000.0,273392000.0,1648426000.0,71155000.0,457398000.0,1944078000.0,-8020671000.0,,324124000.0,6929049000.0,,131579000.0,,,144871000.0,181683000.0,87985000.0,61154000.0,448798000.0,389011000.0,389011000.0,-1367000.0,-104052000.0,,,,56886000.0,1005874000.0,616863000.0,557076000.0,-244140000.0,,87985000.0,87985000.0,51791000.0,-3942000.0,-130464000.0,-1858000.0,-96926000.0,-62923000.0,87985000.0,184690000.0,,412080000.0,151596000.0,-11568000.0,-45017000.0,-95068000.0,357551000.0,-170687000.0,1694815000.0,1005874000.0,87985000.0,0.0047058703852636,,2705000.0,166000.0,,,-141000.0,,,,,,,,
2021Q2,8724626000.0,12291138000.0,1966342000.0,,398881000.0,14257480000.0,2055715000.0,71187000.0,-151141000.0,2094633000.0,61768000.0,814769000.0,3241440000.0,4260954000.0,270713000.0,3331715000.0,71155000.0,423377000.0,4294708000.0,-6758284000.0,,961402000.0,5916221000.0,,151522000.0,,,197142000.0,181683000.0,127361000.0,62315000.0,422268000.0,363142000.0,363142000.0,-3189000.0,-123514000.0,,,,69781000.0,1098161000.0,735019000.0,675893000.0,-166000000.0,,127361000.0,127361000.0,-5046000.0,19943000.0,-870722000.0,635932000.0,2134340000.0,-127253000.0,127361000.0,1714531000.0,,450913000.0,173567000.0,-607411000.0,6625000.0,-196407000.0,325361000.0,144330000.0,1694815000.0,1098161000.0,127361000.0,-0.08883685561022259,,,,,,-141000.0,,,,,,,,
2021Q3,10394481000.0,14923641000.0,2109924000.0,181683000.0,418884000.0,17215248000.0,2101489000.0,81135000.0,-7418000.0,3128587000.0,15853000.0,1901667000.0,3288692000.0,5785446000.0,278461000.0,4840050000.0,25240000.0,537433000.0,4379219000.0,-8287005000.0,5046000.0,985331000.0,5929648000.0,,169449000.0,,,212103000.0,181683000.0,143273000.0,73051000.0,494212000.0,423584000.0,423584000.0,-2423000.0,-164573000.0,,,,70897000.0,1262418000.0,838834000.0,768206000.0,-211481000.0,,141206000.0,143273000.0,-5046000.0,17927000.0,-1878841000.0,1341116000.0,1413484000.0,-132131000.0,143273000.0,47252000.0,,512609000.0,178416000.0,-13489000.0,-6375000.0,72509000.0,377664000.0,-17277000.0,,1262418000.0,143273000.0,-0.2357779065684794,,2448000.0,,,,-141000.0,,,,,,,,
2021Q4,11420372000.0,14063856000.0,2120309000.0,209729000.0,379471000.0,16393894000.0,2101489000.0,67731000.0,4236000.0,3205957000.0,14584000.0,1917846000.0,2070271000.0,4081087000.0,259433000.0,3191058000.0,23971000.0,459852000.0,2593505000.0,-9302382000.0,100541000.0,335968000.0,6768563000.0,,220801000.0,,,97908000.0,209729000.0,12973000.0,82062000.0,474612000.0,396419000.0,396419000.0,-3869000.0,-134685000.0,,,,87648000.0,1285308000.0,888889000.0,810696000.0,-298511000.0,,10260000.0,12973000.0,-95495000.0,77544000.0,-588173000.0,-837409000.0,-1127728000.0,-78901000.0,12973000.0,-1218421000.0,,497480000.0,176199000.0,-434703000.0,25694000.0,-289050000.0,44604000.0,-38105000.0,,1285308000.0,12973000.0,-0.14977580100623322,,2319000.0,,,,-1269000.0,,,,,,,,
2021Q1,3847879000.0,104297388000.0,72815673000.0,258812000.0,7554356000.0,177371873000.0,39057271000.0,19257865000.0,28224675000.0,42032381000.0,-4927938000.0,67878715000.0,291950000.0,24497422000.0,1790218000.0,10687892000.0,-4927938000.0,32489221000.0,43763449000.0,68967794000.0,,10748771000.0,36970545000.0,507309000.0,2917065000.0,,,2816505000.0,258812000.0,1601068000.0,1121227000.0,5784003000.0,3956164000.0,3956164000.0,248512000.0,-606980000.0,,,,1207366000.0,8208426000.0,4252262000.0,2424423000.0,-1139659000.0,,1609139000.0,1601068000.0,-557000.0,-1063606000.0,881719000.0,-1691764000.0,-4007895000.0,256105000.0,1601068000.0,5343000.0,,3131519000.0,458100000.0,-24073000.0,355090000.0,-3907000.0,1485376000.0,-279298000.0,,8208426000.0,1601068000.0,0.33077015728845915,10461665000.0,,29392609000.0,-2312224000.0,39386000.0,,,5658592000.0,,,,,,
2021Q2,3776674000.0,105563026000.0,75253579000.0,264402000.0,8245470000.0,181081007000.0,39057271000.0,23147398000.0,30708420000.0,42912468000.0,-4973777000.0,66298785000.0,919418000.0,25742920000.0,1657209000.0,11248823000.0,-4973777000.0,32453127000.0,50101071000.0,71476905000.0,,9218626000.0,36152349000.0,529356000.0,2729385000.0,,,3350104000.0,264402000.0,2518871000.0,1095755000.0,5085639000.0,3706649000.0,3706649000.0,-164030000.0,-795251000.0,,,,820180000.0,7959252000.0,4252603000.0,2873613000.0,-356545000.0,,2529924000.0,2518871000.0,-115489000.0,-280707000.0,993875000.0,600243000.0,587595000.0,-3510871000.0,2518871000.0,627468000.0,,-954002000.0,447265000.0,-26766000.0,-334081000.0,-5072000.0,122470000.0,-538262000.0,,7959252000.0,2518871000.0,-0.048982116923676045,10461665000.0,,28451350000.0,-7576000.0,83051000.0,,,5547258000.0,,,,,,
2021Q3,8228031000.0,116821944000.0,76128510000.0,304627000.0,7631508000.0,193255081000.0,39057271000.0,19753152000.0,31628765000.0,52103051000.0,-5019191000.0,78013905000.0,1881127000.0,26600098000.0,1513141000.0,11956072000.0,-5019191000.0,32971786000.0,45209072000.0,67900479000.0,,7179710000.0,37385417000.0,587676000.0,3511594000.0,,,4033120000.0,304627000.0,923845000.0,1135842000.0,9545823000.0,13190202000.0,13190202000.0,-5283209000.0,-834189000.0,,,,3068559000.0,9956628000.0,-3233574000.0,410805000.0,-9157082000.0,,964561000.0,923845000.0,-1687000.0,716959000.0,31825000.0,1177211000.0,666054000.0,233554000.0,923845000.0,961709000.0,,263830000.0,502988000.0,-30186000.0,1015887000.0,9245000.0,-2812418000.0,-558000000.0,,9956628000.0,923845000.0,-0.1446999911621547,10461665000.0,,28832287000.0,-520402000.0,-316985000.0,,,5729850000.0,,,,,,
2021Q4,7593203000.0,111886305000.0,76121204000.0,295560000.0,6797260000.0,188303069000.0,39057271000.0,17912373000.0,30890165000.0,51528331000.0,-4287897000.0,79550460000.0,192659000.0,23883372000.0,1500987000.0,9451088000.0,-4287897000.0,33367981000.0,39744996000.0,68528001000.0,,7026993000.0,35780892000.0,627573000.0,4031532000.0,,,794627000.0,295560000.0,602357000.0,1780589000.0,7156316000.0,3320757000.0,3320757000.0,1381864000.0,-953246000.0,,,,184618000.0,11491935000.0,8171178000.0,4335619000.0,-2526130000.0,,610009000.0,602357000.0,-156621000.0,726881000.0,-1783432000.0,-4286890000.0,-5694294000.0,2595135000.0,602357000.0,-1688468000.0,,5789258000.0,673106000.0,-1662423000.0,668687000.0,-500000000.0,1333283000.0,-1197879000.0,,11491935000.0,602357000.0,-0.03945356022792301,10461665000.0,,28046429000.0,-907404000.0,-810191000.0,,,5627386000.0,,,,,,
2021Q1,3847879000.0,104297388000.0,72815673000.0,258812000.0,7554356000.0,177371873000.0,39057271000.0,19257865000.0,28224675000.0,42032381000.0,-4927938000.0,67878715000.0,291950000.0,24497422000.0,1790218000.0,10687892000.0,-4927938000.0,32489221000.0,43763449000.0,68967794000.0,,10748771000.0,36970545000.0,507309000.0,2917065000.0,,,2816505000.0,258812000.0,1601068000.0,1121227000.0,5784003000.0,3956164000.0,3956164000.0,248512000.0,-606980000.0,,,,1207366000.0,8208426000.0,4252262000.0,2424423000.0,-1139659000.0,,1609139000.0,1601068000.0,-557000.0,-1063606000.0,881719000.0,-1691764000.0,-4007895000.0,256105000.0,1601068000.0,5343000.0,,3131519000.0,458100000.0,-24073000.0,355090000.0,-3907000.0,1485376000.0,-279298000.0,,8208426000.0,1601068000.0,0.30139704076295026,10461665000.0,,29392609000.0,-2312224000.0,39386000.0,,,5658592000.0,,,,,,
2021Q2,3776674000.0,105563026000.0,75253579000.0,264402000.0,8245470000.0,181081007000.0,39057271000.0,23147398000.0,30708420000.0,42912468000.0,-4973777000.0,66298785000.0,919418000.0,25742920000.0,1657209000.0,11248823000.0,-4973777000.0,32453127000.0,50101071000.0,71476905000.0,,9218626000.0,36152349000.0,529356000.0,2729385000.0,,,3350104000.0,264402000.0,2518871000.0,1095755000.0,5085639000.0,3706649000.0,3706649000.0,-164030000.0,-795251000.0,,,,820180000.0,7959252000.0,4252603000.0,2873613000.0,-356545000.0,,2529924000.0,2518871000.0,-115489000.0,-280707000.0,993875000.0,600243000.0,587595000.0,-3510871000.0,2518871000.0,627468000.0,,-954002000.0,447265000.0,-26766000.0,-334081000.0,-5072000.0,122470000.0,-538262000.0,,7959252000.0,2518871000.0,-0.046023814609471136,10461665000.0,,28451350000.0,-7576000.0,83051000.0,,,5547258000.0,,,,,,
2021Q3,8228031000.0,116821944000.0,76128510000.0,304627000.0,7631508000.0,193255081000.0,39057271000.0,19753152000.0,31628765000.0,52103051000.0,-5019191000.0,78013905000.0,1881127000.0,26600098000.0,1513141000.0,11956072000.0,-5019191000.0,32971786000.0,45209072000.0,67900479000.0,,7179710000.0,37385417000.0,587676000.0,3511594000.0,,,4033120000.0,304627000.0,923845000.0,1135842000.0,9545823000.0,13190202000.0,13190202000.0,-5283209000.0,-834189000.0,,,,3068559000.0,9956628000.0,-3233574000.0,410805000.0,-9157082000.0,,964561000.0,923845000.0,-1687000.0,716959000.0,31825000.0,1177211000.0,666054000.0,233554000.0,923845000.0,961709000.0,,263830000.0,502988000.0,-30186000.0,1015887000.0,9245000.0,-2812418000.0,-558000000.0,,9956628000.0,923845000.0,-0.13732479068170111,10461665000.0,,28832287000.0,-520402000.0,-316985000.0,,,5729850000.0,,,,,,
2021Q4,7593203000.0,111886305000.0,76121204000.0,295560000.0,6797260000.0,188303069000.0,39057271000.0,17912373000.0,30890165000.0,51528331000.0,-4287897000.0,79550460000.0,192659000.0,23883372000.0,1500987000.0,9451088000.0,-4287897000.0,33367981000.0,39744996000.0,68528001000.0,,7026993000.0,35780892000.0,627573000.0,4031532000.0,,,794627000.0,295560000.0,602357000.0,1780589000.0,7156316000.0,3320757000.0,3320757000.0,1381864000.0,-953246000.0,,,,184618000.0,11491935000.0,8171178000.0,4335619000.0,-2526130000.0,,610009000.0,602357000.0,-156621000.0,726881000.0,-1783432000.0,-4286890000.0,-5694294000.0,2595135000.0,602357000.0,-1688468000.0,,5789258000.0,673106000.0,-1662423000.0,668687000.0,-500000000.0,1333283000.0,-1197879000.0,,11491935000.0,602357000.0,-0.05608693529392195,10461665000.0,,28046429000.0,-907404000.0,-810191000.0,,,5627386000.0,,,,,,
2021Q1,1293869000.0,42807666000.0,15306494000.0,614401000.0,8177062000.0,58728561000.0,5159617000.0,606720000.0,-1510730000.0,5902919000.0,11657607000.0,11996834000.0,6399389000.0,13732508000.0,708925000.0,2059100000.0,11744710000.0,11359308000.0,33631535000.0,13890831000.0,4238694000.0,4971908000.0,22884174000.0,14148230000.0,3078604000.0,46209000.0,,-484065000.0,614401000.0,-489768000.0,439443000.0,421183000.0,-178973000.0,-178973000.0,113474000.0,-335703000.0,,,,6977000.0,4452053000.0,4631026000.0,4030870000.0,-305092000.0,,-491042000.0,-489768000.0,-1327987000.0,17033000.0,-1566446000.0,-325508000.0,-338987000.0,-1480414000.0,-489768000.0,-3386753000.0,731144000.0,-2212464000.0,162765000.0,-1104000.0,-221654000.0,,-170517000.0,-104458000.0,,4452053000.0,-489768000.0,0.4335600978165659,,121794000.0,325221000.0,,-145776000.0,-13479000.0,,10430638000.0,,,,,,
2021Q2,1128798000.0,37294450000.0,13877363000.0,557556000.0,7352310000.0,51729369000.0,5159617000.0,648275000.0,-1199777000.0,5104124000.0,9917523000.0,10702047000.0,6759120000.0,14287130000.0,499682000.0,4066269000.0,10004626000.0,9848477000.0,29659739000.0,12625401000.0,4057513000.0,5078963000.0,17662114000.0,11580104000.0,2588163000.0,49239000.0,,414872000.0,557556000.0,438141000.0,481079000.0,1074783000.0,734929000.0,734929000.0,-179394000.0,-357233000.0,,,,-29996000.0,5922830000.0,5187901000.0,4848047000.0,-320057000.0,,444868000.0,438141000.0,1607452000.0,-129559000.0,1347497000.0,-322556000.0,-322556000.0,-516366000.0,438141000.0,359731000.0,-787590000.0,122380000.0,201914000.0,6128000.0,-439701000.0,,-314883000.0,-82215000.0,,5922830000.0,438141000.0,0.19603505201140403,,123164000.0,267144000.0,,754877000.0,,,9241027000.0,,,,,,
2021Q3,1237573000.0,41200758000.0,14686843000.0,588080000.0,8509813000.0,56475681000.0,5159617000.0,1209709000.0,-1434077000.0,5681036000.0,10961303000.0,11376541000.0,8685830000.0,16065981000.0,419018000.0,4263365000.0,11048406000.0,10676470000.0,32744254000.0,13324961000.0,3617375000.0,5421757000.0,19165914000.0,12537692000.0,3020573000.0,54301000.0,,-133782000.0,588080000.0,-234300000.0,498557000.0,946775000.0,146086000.0,146086000.0,257812000.0,-293910000.0,,,,104270000.0,5010382000.0,4864296000.0,4063607000.0,-279868000.0,,-238052000.0,-234300000.0,478541000.0,782914000.0,101363000.0,-39576000.0,-39576000.0,405380000.0,-234300000.0,1926710000.0,633594000.0,1231329000.0,147924000.0,-312000.0,-43155000.0,,-75389000.0,-183362000.0,,5010382000.0,-234300000.0,0.0734438170568521,,124309000.0,316534000.0,,126052000.0,,,10147370000.0,,,,,,
2021Q4,1313771000.0,41185651000.0,14887131000.0,597421000.0,9443082000.0,56670203000.0,5159617000.0,1980932000.0,-1422969000.0,5839219000.0,11150483000.0,12302183000.0,10147201000.0,15786779000.0,544416000.0,3204362000.0,11237586000.0,9753667000.0,32790163000.0,13453857000.0,3096300000.0,5205837000.0,19267688000.0,11082692000.0,2846323000.0,83653000.0,,324428000.0,597421000.0,11108000.0,631402000.0,1096363000.0,372136000.0,372136000.0,60070000.0,-350848000.0,,,,307820000.0,7284440000.0,6912304000.0,6188077000.0,-47708000.0,,16608000.0,11108000.0,-93272000.0,637716000.0,-672525000.0,-1678822000.0,-1678822000.0,715112000.0,11108000.0,1574634000.0,214022000.0,3711959000.0,179031000.0,2413000.0,160401000.0,,77525000.0,-179806000.0,,7284440000.0,11108000.0,-0.13889116700203885,,119503000.0,390916000.0,,1858458000.0,,,10918636000.0,,,,,,
2021Q1,7865908000.0,19491484000.0,10352270000.0,1158537000.0,1663365000.0,31002291000.0,5502716000.0,752778000.0,5860892000.0,5091625000.0,-1011338000.0,6858081000.0,2973921000.0,6749321000.0,661230000.0,2439512000.0,-542421000.0,6247315000.0,7839437000.0,2438647000.0,158240000.0,3612094000.0,7563709000.0,315212000.0,1671290000.0,,,738362000.0,1158537000.0,495782000.0,187977000.0,1075878000.0,887957000.0,887957000.0,-56000.0,-103197000.0,,,,213060000.0,3992793000.0,3104836000.0,2916915000.0,-149595000.0,,525302000.0,495782000.0,-11699000.0,-690074000.0,-466387000.0,818339000.0,414527000.0,-79655000.0,495782000.0,238062000.0,,289922000.0,166721000.0,-5000000.0,484627000.0,-80883000.0,33986000.0,-27485000.0,,3992793000.0,495782000.0,-0.0346192871206199,,47715000.0,2143835000.0,-693700000.0,-130565000.0,-322929000.0,,208212000.0,,,,,,
2021Q2,8319553000.0,20065731000.0,10487547000.0,1168131000.0,2517692000.0,31721409000.0,5502716000.0,2349981000.0,6002310000.0,5411941000.0,-1078794000.0,7261534000.0,1535985000.0,7284492000.0,725440000.0,2344319000.0,-592766000.0,6267547000.0,7609218000.0,2097466000.0,107799000.0,3270725000.0,7286828000.0,313838000.0,1405512000.0,,,540230000.0,1168131000.0,344490000.0,190363000.0,820904000.0,630139000.0,630139000.0,402000.0,-138792000.0,,,,159480000.0,3954428000.0,3324289000.0,3133524000.0,-89909000.0,,380750000.0,344490000.0,-20584000.0,-344539000.0,-403810000.0,-446789000.0,-1312159000.0,-480037000.0,344490000.0,-1437935000.0,,278034000.0,170925000.0,41867000.0,258119000.0,-152534000.0,333290000.0,-39768000.0,,3954428000.0,344490000.0,-0.030392252887184057,61315000.0,70528000.0,2193029000.0,-693700000.0,2885000.0,-19136000.0,,129107000.0,,,,,,
2021Q3,7897650000.0,21333426000.0,10996900000.0,1232149000.0,3288828000.0,33562475000.0,5502716000.0,3369386000.0,6512827000.0,5048055000.0,-1079709000.0,7816219000.0,1567155000.0,8601212000.0,653856000.0,2287451000.0,-595843000.0,6264408000.0,9281150000.0,3033382000.0,230106000.0,3896281000.0,7603611000.0,193518000.0,1923473000.0,,,831642000.0,1232149000.0,510518000.0,176324000.0,828819000.0,970221000.0,970221000.0,-317726000.0,-174856000.0,,,,241248000.0,5693268000.0,4723047000.0,4864449000.0,-138579000.0,,590394000.0,510518000.0,-179884000.0,601492000.0,-697108000.0,610300000.0,502243000.0,-695943000.0,510518000.0,31169000.0,,226034000.0,210704000.0,17544000.0,-724300000.0,-108055000.0,187741000.0,-94642000.0,,5693268000.0,510518000.0,0.14696306973893214,61066000.0,65868000.0,2237180000.0,-64038000.0,121070000.0,-2000.0,,494364000.0,,,,,,
2021Q4,8267354000.0,21084727000.0,11151397000.0,1142615000.0,2407077000.0,33378739000.0,5502716000.0,2595363000.0,6260565000.0,4997572000.0,-672374000.0,7828859000.0,2699490000.0,6989584000.0,601422000.0,1580503000.0,-581840000.0,6068213000.0,9871303000.0,2855418000.0,11722000.0,4088721000.0,9017011000.0,460408000.0,1797631000.0,,,905178000.0,1142615000.0,809048000.0,89842000.0,436142000.0,804624000.0,804624000.0,-593482000.0,-237061000.0,,,,34079000.0,5233665000.0,4429041000.0,4797523000.0,100554000.0,,871099000.0,809048000.0,913205000.0,-158865000.0,248605000.0,792194000.0,373438000.0,716293000.0,809048000.0,1132335000.0,,510292000.0,180473000.0,17544000.0,49122000.0,-270343000.0,-606296000.0,-112802000.0,,5233665000.0,809048000.0,0.018061518713074376,60490000.0,28625000.0,1314385000.0,-64038000.0,-413342000.0,-84375000.0,,803447000.0,,,,,,
2021Q1,15739867000.0,36557334000.0,7459190000.0,912331000.0,1926113000.0,44928855000.0,3363685000.0,1492898000.0,4083324000.0,10884462000.0,10332000.0,15398588000.0,1240489000.0,10506587000.0,1287079000.0,4688640000.0,10332000.0,479989000.0,12635109000.0,-8280677000.0,,5926867000.0,15130902000.0,140581000.0,2314753000.0,,,1109559000.0,912331000.0,819763000.0,162258000.0,1164056000.0,877387000.0,877387000.0,-173744000.0,-201252000.0,,,,236222000.0,5465430000.0,4588043000.0,4301374000.0,232172000.0,48467000.0,873337000.0,819763000.0,1132725000.0,-722765000.0,477402000.0,-574530000.0,-1048946000.0,271566000.0,819763000.0,178387000.0,,749931000.0,287678000.0,,252650000.0,-38381000.0,-13440000.0,-16645000.0,,5465430000.0,819763000.0,-0.04828662073611445,1849000.0,,675302000.0,-436035000.0,-21820000.0,-200000000.0,,171382000.0,,,,,,
2021Q2,15913970000.0,38768394000.0,8190540000.0,1064522000.0,1953266000.0,48023456000.0,3363685000.0,1284765000.0,4763157000.0,13579049000.0,61849000.0,18632514000.0,1193452000.0,9607304000.0,1249275000.0,3491132000.0,61849000.0,576577000.0,11995876000.0,-7723430000.0,,6405194000.0,15535321000.0,153899000.0,2652079000.0,,,957825000.0,1064522000.0,679833000.0,182782000.0,1411827000.0,1036371000.0,1036371000.0,-211086000.0,-230693000.0,,,,257290000.0,6100748000.0,5064377000.0,4688921000.0,-78546000.0,48467000.0,700535000.0,679833000.0,-604721000.0,0.0,-1608415000.0,1646461000.0,897723000.0,-1064647000.0,679833000.0,-439719000.0,,270973000.0,292869000.0,,-846399000.0,-277716000.0,444643000.0,-92780000.0,,6100748000.0,679833000.0,-0.06126987655998539,1849000.0,,904519000.0,-271022000.0,14244000.0,-200000000.0,,617509000.0,,,,,,
2021Q3,16229733000.0,41848182000.0,8748262000.0,1096213000.0,2567880000.0,51692657000.0,3363685000.0,1765632000.0,5324314000.0,13433142000.0,58414000.0,19935176000.0,753733000.0,10919128000.0,1278987000.0,3504571000.0,58414000.0,644069000.0,13971790000.0,-7481471000.0,,7681962000.0,17465190000.0,139655000.0,3144959000.0,,,1097908000.0,1096213000.0,796450000.0,208150000.0,1678223000.0,1337228000.0,1337228000.0,-238742000.0,-284831000.0,,,,234031000.0,7796981000.0,6459753000.0,6118758000.0,-239320000.0,,863877000.0,796450000.0,-604721000.0,562487000.0,-1608415000.0,1646461000.0,897723000.0,-1064647000.0,796450000.0,-439719000.0,,270973000.0,292869000.0,,-846399000.0,-277716000.0,444643000.0,-92780000.0,,7796981000.0,796450000.0,0.02284410082779398,1849000.0,,911889000.0,-271022000.0,14244000.0,-200000000.0,,975089000.0,,,,,,
2021Q4,15841963000.0,45237163000.0,8434440000.0,1096801000.0,4447245000.0,54768404000.0,3363685000.0,2281051000.0,5050072000.0,13211839000.0,18834000.0,21381105000.0,773505000.0,12716103000.0,1423762000.0,3878428000.0,18834000.0,766911000.0,15527778000.0,-7407523000.0,,8281205000.0,19269608000.0,134558000.0,2753731000.0,,,686211000.0,1096801000.0,522132000.0,494006000.0,285117000.0,1478370000.0,1478370000.0,-584334000.0,-924338000.0,,,,103594000.0,7434810000.0,5956440000.0,7149693000.0,-792159000.0,,582617000.0,522132000.0,-655591000.0,-185593000.0,-1379368000.0,7028042000.0,2207521000.0,-1707553000.0,522132000.0,19772000.0,,-808381000.0,310386000.0,,-57568000.0,-4598407000.0,534502000.0,-2403249000.0,,7434810000.0,522132000.0,-0.0381555771317893,1849000.0,,1250647000.0,-15806000.0,5097000.0,-206308000.0,,988122000.0,,,,,,
2021Q1,1324904000.0,8331304000.0,8074453000.0,-3657000.0,65582000.0,16402100000.0,8873481000.0,28663000.0,-747294000.0,233960000.0,-51734000.0,976396000.0,1464233000.0,880608000.0,828427000.0,180106000.0,23339000.0,11335545000.0,2755582000.0,6749549000.0,599610000.0,410966000.0,7115237000.0,232692000.0,423881000.0,,,253050000.0,-3657000.0,203145000.0,72994000.0,371213000.0,294133000.0,294133000.0,-21177000.0,-38558000.0,,,,50139000.0,951352000.0,657219000.0,580139000.0,-41083000.0,,202911000.0,203145000.0,-81480000.0,-36185000.0,-524299000.0,143347000.0,-18937000.0,-40445000.0,203145000.0,79300000.0,,622536000.0,148217000.0,,384307000.0,-87965000.0,72619000.0,-442819000.0,1000.0,951352000.0,203145000.0,0.01024402998541829,,,9673000.0,,-53677000.0,-74319000.0,,,,,,,,
2021Q2,1355562000.0,8560193000.0,8202373000.0,-3409000.0,107549000.0,16759157000.0,8888979000.0,19715000.0,-700041000.0,259913000.0,13435000.0,970572000.0,1175463000.0,976992000.0,811382000.0,182467000.0,18245000.0,11773207000.0,2650326000.0,6846811000.0,,641070000.0,7210040000.0,224893000.0,446845000.0,,,178611000.0,-3409000.0,118117000.0,129114000.0,385017000.0,228619000.0,228619000.0,-6381000.0,-48530000.0,,,,60246000.0,962544000.0,733925000.0,577527000.0,-50008000.0,,118365000.0,118117000.0,34501000.0,-297463000.0,-104202000.0,6263000.0,-93635000.0,24248000.0,118117000.0,-288770000.0,,-90933000.0,140119000.0,,-210634000.0,-99897000.0,102220000.0,-138703000.0,1000.0,962544000.0,118117000.0,-0.030192544859256376,,,9490000.0,,7799000.0,-1000.0,,,,,,,,
2021Q3,1342133000.0,9274415000.0,8575326000.0,-3425000.0,134999000.0,17846316000.0,8888979000.0,31057000.0,-337422000.0,281437000.0,23769000.0,939766000.0,1504156000.0,1405553000.0,780499000.0,269885000.0,28579000.0,12190071000.0,3364739000.0,7233193000.0,516503000.0,951461000.0,7478657000.0,307976000.0,738347000.0,,,439634000.0,-3425000.0,362619000.0,88091000.0,509156000.0,384953000.0,384953000.0,197000.0,-62540000.0,,,,77031000.0,1528094000.0,1143141000.0,1018938000.0,54681000.0,,362603000.0,362619000.0,80847000.0,189637000.0,-199061000.0,227754000.0,117138000.0,-27581000.0,362619000.0,328693000.0,,410616000.0,164275000.0,,-243525000.0,-110617000.0,57910000.0,-279908000.0,1000.0,1528094000.0,362619000.0,-0.10244361344514097,,,9607000.0,,-83083000.0,-79939000.0,,,,,,,,
2021Q4,1232557000.0,9247932000.0,9000054000.0,-3431000.0,168167000.0,18244555000.0,8894086000.0,65291000.0,151997000.0,317778000.0,-46029000.0,1004220000.0,992290000.0,1436538000.0,767633000.0,362641000.0,38613000.0,12727223000.0,3189501000.0,7685975000.0,685447000.0,883485000.0,7384809000.0,520033000.0,619019000.0,,,534024000.0,-3431000.0,489419000.0,64585000.0,677635000.0,534511000.0,534511000.0,-11200000.0,-78734000.0,,,,44611000.0,1682451000.0,1147940000.0,1004816000.0,-487000.0,,489413000.0,489419000.0,-143725000.0,-186812000.0,-418120000.0,-77788000.0,-384319000.0,-972000.0,489419000.0,-511866000.0,,290573000.0,156226000.0,,76292000.0,-226592000.0,-19186000.0,-274395000.0,,1682451000.0,489419000.0,-0.10693716315963542,,81522000.0,9532000.0,,-212057000.0,-79939000.0,,,,,,,,
2021Q1,5106348000.0,27845997000.0,8088959000.0,2778000.0,849621000.0,35937734000.0,4902648000.0,992741000.0,4088959000.0,6776261000.0,-902648000.0,5391543000.0,4314022000.0,4067742000.0,47569000.0,2097865000.0,-902648000.0,15732457000.0,7291161000.0,2808957000.0,,1796293000.0,16898552000.0,188105000.0,794615000.0,,,675082000.0,2778000.0,528801000.0,77357000.0,1351574000.0,1273642000.0,1273642000.0,575000.0,-844225000.0,,,,145972000.0,3249940000.0,1976298000.0,1898366000.0,-598560000.0,,529110000.0,528801000.0,24531000.0,-34376000.0,-233319000.0,797608000.0,-602644000.0,-650723000.0,528801000.0,-224924000.0,,611039000.0,230675000.0,32526000.0,220318000.0,-149790000.0,487303000.0,-265845000.0,,3249940000.0,528801000.0,-0.06667267429779777,,173654000.0,2242571000.0,-1250462000.0,1323000.0,,,,,,,,,
2021Q2,5053006000.0,29658790000.0,8166665000.0,3034000.0,2348311000.0,37828489000.0,4902648000.0,1811430000.0,3808883000.0,7068825000.0,-544866000.0,5781702000.0,5074016000.0,5709206000.0,54603000.0,2314899000.0,-544866000.0,15606219000.0,8718941000.0,2859758000.0,,1649614000.0,16777534000.0,183881000.0,779013000.0,,,375760000.0,3034000.0,318788000.0,84213000.0,1223486000.0,1139698000.0,1139698000.0,-425000.0,-770787000.0,,,,56716000.0,3133065000.0,1993367000.0,1909579000.0,-763938000.0,,319044000.0,318788000.0,24531000.0,49171000.0,106843000.0,299664000.0,183724000.0,430286000.0,318788000.0,759994000.0,,469427000.0,237907000.0,357500000.0,-1072418000.0,35887000.0,581337000.0,-275188000.0,,3133065000.0,318788000.0,-0.054491190003032486,,253901000.0,2414720000.0,-151827000.0,4224000.0,,,,,,,,,
2021Q3,5508030000.0,30954396000.0,7882896000.0,3370000.0,2362303000.0,38840662000.0,4902648000.0,1976724000.0,3665981000.0,7223974000.0,-685733000.0,6508753000.0,4639451000.0,5898206000.0,,2237515000.0,-685733000.0,15595527000.0,8598380000.0,2120965000.0,,1827411000.0,17729130000.0,154794000.0,990139000.0,,,839256000.0,3370000.0,638700000.0,97752000.0,1397380000.0,1299725000.0,1299725000.0,-97000.0,-739614000.0,,,,200220000.0,3388846000.0,2089121000.0,1991466000.0,-460469000.0,,639036000.0,638700000.0,7908000.0,-147625000.0,-369109000.0,370182000.0,-269596000.0,577530000.0,638700000.0,-434565000.0,,204140000.0,240000000.0,325000000.0,-501155000.0,-34025000.0,-934435000.0,-221873000.0,,3388846000.0,638700000.0,0.004734792501985385,,253901000.0,2376071000.0,-605753000.0,78975000.0,,,,,,,,,
2021Q4,6687021000.0,30183128000.0,7929008000.0,3589000.0,1497396000.0,38115725000.0,4902648000.0,1460424000.0,3561197000.0,7041424000.0,-534837000.0,5939870000.0,5156406000.0,5775159000.0,,3495158000.0,-534837000.0,14523945000.0,8517934000.0,988086000.0,,1749958000.0,17259729000.0,151146000.0,406252000.0,,,-70664000.0,3589000.0,77436000.0,99346000.0,1886811000.0,1778402000.0,1778402000.0,9063000.0,-911439000.0,,,,-148444000.0,2768822000.0,990420000.0,882011000.0,-1849066000.0,,77780000.0,77436000.0,,163767000.0,156532000.0,993485000.0,-344960000.0,284783000.0,77436000.0,516955000.0,,705383000.0,333835000.0,325000000.0,131172000.0,-553885000.0,-15252000.0,-478208000.0,,2768822000.0,77436000.0,0.038662260032643836,,253901000.0,2193054000.0,-784560000.0,-133044000.0,,,,,,,,,
2021Q1,14898538000.0,30207813000.0,10179556000.0,1910945000.0,1633583000.0,42298314000.0,3489736000.0,403419000.0,7492150000.0,8693348000.0,-802330000.0,13032143000.0,2491021000.0,7093572000.0,,2683787000.0,-170325000.0,48428000.0,14161312000.0,-4718982000.0,4323636000.0,6881549000.0,14404229000.0,61687000.0,1543859000.0,,,594853000.0,1910945000.0,353226000.0,305657000.0,1029169000.0,850966000.0,850966000.0,-196819000.0,-199742000.0,,,,142197000.0,4140170000.0,3289204000.0,3111001000.0,-256113000.0,,452656000.0,353226000.0,1105338000.0,-543843000.0,865903000.0,-298173000.0,-923311000.0,197202000.0,353226000.0,271475000.0,,328883000.0,190989000.0,179450000.0,129137000.0,-24835000.0,-63228000.0,-23134000.0,551000.0,4140170000.0,353226000.0,0.10628098911817685,,,157893000.0,-32000.0,-14423000.0,-600271000.0,,36113000.0,,,,,,
2021Q2,14943943000.0,30980209000.0,10569520000.0,1951547000.0,1765827000.0,43501276000.0,4655287000.0,102840000.0,6677348000.0,8642686000.0,-763115000.0,12495857000.0,4205024000.0,7977453000.0,,3520917000.0,-131110000.0,46289000.0,15745207000.0,-4374423000.0,3916445000.0,7198799000.0,14343923000.0,95942000.0,1526651000.0,,,778111000.0,1951547000.0,509730000.0,375780000.0,1524720000.0,1072919000.0,1072919000.0,14650000.0,-543073000.0,,,,146102000.0,4554686000.0,3481767000.0,3029966000.0,-294808000.0,,632009000.0,509730000.0,472997000.0,3533000.0,55224000.0,866923000.0,756725000.0,504286000.0,509730000.0,1714003000.0,,902054000.0,134620000.0,-13664000.0,-133000.0,24835000.0,-176794000.0,16278000.0,551000.0,4554686000.0,509730000.0,0.0027561105599558378,,,269980000.0,-135584000.0,-34255000.0,-10720000.0,,21636000.0,,,,,,
2021Q3,20434545000.0,41676926000.0,11941123000.0,1945794000.0,1868815000.0,55563843000.0,4655287000.0,1079419000.0,8087744000.0,12228385000.0,-801908000.0,14911720000.0,3778086000.0,12216041000.0,1080802000.0,4734099000.0,-159183000.0,202490000.0,19718254000.0,-8493422000.0,5842542000.0,8876282000.0,17191242000.0,141925000.0,2703792000.0,,,703381000.0,1945794000.0,1410396000.0,440695000.0,1729781000.0,1202233000.0,1202233000.0,34491000.0,-292986000.0,,,,-887999000.0,7488836000.0,6286603000.0,5759055000.0,-498852000.0,,1591380000.0,1410396000.0,-1672857000.0,375171000.0,-2411608000.0,2415795000.0,2101820000.0,1426434000.0,1410396000.0,-426938000.0,,-117150000.0,109303000.0,26371000.0,-868084000.0,-92883000.0,-2964241000.0,2962000.0,,7488836000.0,1410396000.0,-0.047432035237810144,,,296834000.0,-210372000.0,-24877000.0,-10720000.0,,151818000.0,,,,,,
2021Q4,23350731000.0,47109828000.0,12756361000.0,1848111000.0,2421799000.0,61714300000.0,4655287000.0,1058971000.0,8860055000.0,12226524000.0,-758981000.0,16220885000.0,2996589000.0,12989443000.0,939618000.0,3592692000.0,-116256000.0,282061000.0,21690029000.0,-10594370000.0,7374627000.0,10056132000.0,21862126000.0,203710000.0,3918147000.0,,,2093089000.0,1848111000.0,1421175000.0,572433000.0,1416805000.0,2009153000.0,2009153000.0,-948763000.0,-393916000.0,,,,466625000.0,8057194000.0,6048041000.0,6640389000.0,83936000.0,,1626464000.0,1421175000.0,-1413625000.0,340281000.0,-3250056000.0,3050372000.0,2278085000.0,-1249654000.0,1421175000.0,-781497000.0,,190474000.0,343968000.0,26820000.0,577797000.0,101804000.0,-1216825000.0,-970206000.0,,8057194000.0,1421175000.0,0.061665304031447876,,,170594000.0,-874091000.0,-61342000.0,,,697926000.0,,,,,,
2021Q1,807000.0,587717000.0,4143923000.0,67321000.0,321877000.0,4798961000.0,2888997000.0,3070000.0,1306797000.0,207928000.0,-90168000.0,2150521000.0,57307000.0,363277000.0,,,-90168000.0,17047000.0,2263672000.0,4143116000.0,1011275000.0,313987000.0,8236000.0,878033000.0,31177000.0,,,81274000.0,67321000.0,72910000.0,44384000.0,82792000.0,30922000.0,30922000.0,7486000.0,-365000.0,,,,5069000.0,194969000.0,164047000.0,112177000.0,50352000.0,,76205000.0,72910000.0,-6742000.0,-1687000.0,-10595000.0,2744000.0,1656000.0,21551000.0,72910000.0,-20044000.0,,-11105000.0,1081000.0,,102002000.0,-1088000.0,-50598000.0,-42000.0,,194969000.0,72910000.0,-0.12954167718320353,38297000.0,,366914000.0,-96238000.0,-149996000.0,-23095000.0,,,,,,,,
2021Q2,904000.0,533279000.0,4283413000.0,71426000.0,247033000.0,4888118000.0,2888997000.0,,1446287000.0,199420000.0,-90168000.0,2131765000.0,77252000.0,315209000.0,,,-90168000.0,16325000.0,2325359000.0,4282509000.0,983283000.0,334929000.0,11144000.0,929895000.0,57313000.0,,,152562000.0,71426000.0,139490000.0,52671000.0,131416000.0,79922000.0,79922000.0,-1177000.0,-677000.0,,,,6754000.0,288747000.0,208825000.0,157331000.0,72640000.0,,145808000.0,139490000.0,60378000.0,48205000.0,63986000.0,1769000.0,-96785000.0,29151000.0,139490000.0,19945000.0,,52744000.0,1074000.0,,18042000.0,-2316000.0,-129678000.0,-203000.0,,288747000.0,139490000.0,-0.13945214379042892,38297000.0,,413765000.0,-96238000.0,-43802000.0,-23095000.0,,,,,,,,
2021Q3,1076000.0,592136000.0,4389922000.0,77934000.0,273768000.0,5059992000.0,2888997000.0,,1591534000.0,225322000.0,-128906000.0,2388404000.0,78499000.0,343264000.0,,5604000.0,-90168000.0,28742000.0,2212807000.0,4388846000.0,951653000.0,313463000.0,12987000.0,869192000.0,47742000.0,,,159932000.0,77934000.0,145247000.0,51379000.0,150140000.0,95372000.0,95372000.0,3389000.0,-496000.0,,,,7709000.0,297752000.0,202380000.0,147612000.0,64560000.0,,152223000.0,145247000.0,-13163000.0,1387000.0,-29673000.0,6799000.0,-16614000.0,26857000.0,145247000.0,1247000.0,,47534000.0,1230000.0,,26543000.0,-318000.0,12194000.0,-16510000.0,,297752000.0,145247000.0,-0.24831199187554132,38297000.0,,428963000.0,,-157510000.0,-23095000.0,,,,,,,,
2021Q4,1177000.0,706437000.0,4283453000.0,85608000.0,401752000.0,5075498000.0,2888997000.0,,1561860000.0,203002000.0,-205701000.0,2381527000.0,62045000.0,470140000.0,,6214000.0,-90168000.0,45342000.0,2203071000.0,4282276000.0,835645000.0,382063000.0,23145000.0,923318000.0,49483000.0,,,84456000.0,85608000.0,72481000.0,50291000.0,77008000.0,26998000.0,26998000.0,-281000.0,-661000.0,,,,6555000.0,176398000.0,149400000.0,99390000.0,57458000.0,,77901000.0,72481000.0,159537000.0,28990000.0,143865000.0,9880000.0,-80138000.0,11045000.0,72481000.0,-16454000.0,,-80181000.0,249000.0,,90048000.0,2420000.0,-41081000.0,-17808000.0,,176398000.0,72481000.0,-0.09706689636435906,38297000.0,,444381000.0,,-234746000.0,-92438000.0,,,,,,,,
2021Q1,278799000.0,3804628000.0,1692879000.0,,220721000.0,5497507000.0,1454986000.0,24809000.0,234337000.0,527937000.0,3556000.0,72742000.0,13585000.0,1348076000.0,15036000.0,634400000.0,23896000.0,1390861000.0,1906170000.0,-338603000.0,1021468000.0,782473000.0,1275307000.0,63835000.0,217458000.0,,,167768000.0,1331000.0,118612000.0,90662000.0,287258000.0,199329000.0,199329000.0,-2733000.0,-34211000.0,,,,49156000.0,893808000.0,694479000.0,606550000.0,-31561000.0,,118612000.0,118612000.0,-270000.0,-37501000.0,-59119000.0,-50719000.0,-154712000.0,-30639000.0,118612000.0,-14599000.0,,199232000.0,86836000.0,152000.0,-27900000.0,-5883000.0,89178000.0,-51289000.0,5057000.0,893808000.0,118612000.0,-0.024675270790874615,,1752683000.0,96252000.0,-75102000.0,4064000.0,-23008000.0,,,,,,,,
2021Q2,291166000.0,3561298000.0,1757007000.0,1331000.0,157292000.0,5319636000.0,1454986000.0,31888000.0,312718000.0,535632000.0,-10697000.0,68267000.0,35433000.0,1481018000.0,21385000.0,734082000.0,14139000.0,1389838000.0,1469548000.0,-433432000.0,570835000.0,759878000.0,906945000.0,71514000.0,271937000.0,,,92638000.0,1331000.0,65534000.0,102402000.0,258244000.0,156501000.0,156501000.0,-659000.0,-37767000.0,,,,27143000.0,932066000.0,775565000.0,673822000.0,-63863000.0,,65495000.0,65534000.0,447102000.0,41226000.0,227950000.0,-312590000.0,-492797000.0,32430000.0,65534000.0,21848000.0,,286695000.0,90885000.0,152000.0,8804000.0,-22124000.0,50094000.0,-19290000.0,5057000.0,932066000.0,65534000.0,-0.09076790801788215,,1899273000.0,201544000.0,-156255000.0,-3255000.0,-1828000.0,,,,,,,,
2021Q3,306136000.0,4288052000.0,1814992000.0,2803000.0,159731000.0,6105847000.0,1460037000.0,34981000.0,365330000.0,556053000.0,-10375000.0,76503000.0,25930000.0,1171871000.0,30741000.0,365446000.0,14461000.0,1411761000.0,1901073000.0,-482800000.0,938812000.0,832971000.0,1899453000.0,68379000.0,290605000.0,,,136335000.0,2803000.0,94963000.0,108194000.0,306540000.0,199665000.0,199665000.0,-1319000.0,-54808000.0,,,,39946000.0,1028830000.0,829165000.0,722290000.0,-63330000.0,,96389000.0,94963000.0,-368743000.0,18435000.0,-761369000.0,568911000.0,496385000.0,31251000.0,94963000.0,-9503000.0,,255481000.0,103834000.0,-1407000.0,-96529000.0,-35356000.0,84940000.0,-156715000.0,5057000.0,1028830000.0,94963000.0,-0.1424619527702855,,1991656000.0,418718000.0,-42227000.0,-859000.0,-1000.0,,,,,,,,
2021Q4,416401000.0,4219287000.0,1845283000.0,9200000.0,104746000.0,6073770000.0,1437253000.0,61276000.0,385218000.0,568458000.0,22812000.0,72091000.0,33722000.0,1206874000.0,25195000.0,375056000.0,47648000.0,1565182000.0,1742471000.0,-741328000.0,,811491000.0,1749380000.0,72610000.0,356881000.0,,,99367000.0,9200000.0,70817000.0,179741000.0,274851000.0,111431000.0,111431000.0,-16321000.0,-66934000.0,,,,28372000.0,1017947000.0,906516000.0,743096000.0,-12064000.0,,70995000.0,70817000.0,173946000.0,61288000.0,1175000.0,-215978000.0,-270644000.0,-29900000.0,70817000.0,7792000.0,,277261000.0,107725000.0,1171000.0,-3377000.0,-32108000.0,62550000.0,-185995000.0,,1017947000.0,70817000.0,-0.09829220816412165,,2170210000.0,107415000.0,-22557000.0,1163000.0,-1000.0,,,,,,,,
2021Q1,606944000.0,33325982000.0,34443273000.0,250988000.0,3301616000.0,68020243000.0,19249181000.0,562462000.0,9804918000.0,4008618000.0,5377577000.0,6644661000.0,4241872000.0,11375088000.0,3376705000.0,452077000.0,5593176000.0,18683321000.0,26217721000.0,20600826000.0,,6696015000.0,17313159000.0,11956742000.0,6013041000.0,,,3287171000.0,250988000.0,2451339000.0,469488000.0,3796909000.0,3408928000.0,3408928000.0,-86543000.0,-214230000.0,,,,816635000.0,16342984000.0,12934056000.0,12546075000.0,-121757000.0,,2470536000.0,2451339000.0,-27500000.0,962104000.0,-471571000.0,-1149960000.0,-1590037000.0,-42730000.0,2451339000.0,-375332000.0,117528000.0,1568748000.0,648831000.0,,-1174561000.0,1111000.0,765095000.0,-435129000.0,,16342984000.0,2451339000.0,0.22707830222416758,11597000.0,13235503000.0,2632093000.0,-441188000.0,-2356978000.0,,,,,,,,,
2021Q2,516963000.0,30751672000.0,35913583000.0,226792000.0,2731573000.0,66892047000.0,19249181000.0,638180000.0,13043914000.0,3596515000.0,3608891000.0,5893235000.0,3026228000.0,10975779000.0,2761575000.0,261101000.0,3761864000.0,17887189000.0,28314439000.0,23728322000.0,,8237289000.0,15576278000.0,13801156000.0,6052101000.0,,,5620574000.0,226792000.0,3916551000.0,476377000.0,5414187000.0,5788366000.0,5788366000.0,-850681000.0,-219304000.0,,,,1686097000.0,19130116000.0,13341750000.0,13715929000.0,-167792000.0,,3934477000.0,3916551000.0,-27500000.0,679865000.0,-597469000.0,-313673000.0,-959429000.0,-1002808000.0,3916551000.0,-1215644000.0,-209110000.0,550364000.0,630498000.0,,-1044018000.0,49420000.0,-119768000.0,-565594000.0,,19130116000.0,3916551000.0,-0.1071407958631847,11597000.0,11668298000.0,2611923000.0,-695176000.0,-2676888000.0,,,,,,,,,
2021Q3,507558000.0,34063763000.0,41083025000.0,215379000.0,3615494000.0,75362167000.0,19249181000.0,597054000.0,17052600000.0,3841973000.0,4769647000.0,4985671000.0,3976077000.0,13155055000.0,2298605000.0,746988000.0,4922620000.0,18723034000.0,35456768000.0,27924214000.0,,10775360000.0,16426285000.0,15653770000.0,6451697000.0,,,7466344000.0,215379000.0,5577819000.0,527469000.0,6419149000.0,7443736000.0,7443736000.0,-161814000.0,-272458000.0,,,,1872403000.0,21317057000.0,13873321000.0,14897908000.0,22608000.0,,5593941000.0,5577819000.0,-27500000.0,-4401000.0,-827568000.0,63263000.0,-895122000.0,350879000.0,5577819000.0,949849000.0,96469000.0,2576070000.0,672673000.0,,-334506000.0,-34862000.0,-520385000.0,-810355000.0,,21317057000.0,5577819000.0,-0.08375088882174275,11597000.0,12651253000.0,3037883000.0,-923523000.0,-1383114000.0,,,,,,,,,
2021Q4,509760000.0,30998964000.0,42604282000.0,211367000.0,2806944000.0,73814613000.0,19249181000.0,682439000.0,17838494000.0,4021023000.0,5516607000.0,5200878000.0,4160654000.0,14036814000.0,2929308000.0,1766493000.0,5669016000.0,19603530000.0,32640477000.0,29666995000.0,,8309684000.0,12297848000.0,16861488000.0,7209225000.0,,,3898479000.0,211367000.0,3548402000.0,632617000.0,5187115000.0,3379208000.0,3379208000.0,-209434000.0,-353849000.0,,,,338495000.0,21554924000.0,18175716000.0,16367809000.0,519271000.0,,3559984000.0,3548402000.0,-27500000.0,896761000.0,-1099495000.0,-3382402000.0,-6538054000.0,785097000.0,3548402000.0,184577000.0,375000.0,7821751000.0,528885000.0,,939038000.0,123887000.0,347800000.0,-1214945000.0,,21554924000.0,3548402000.0,0.04772729520216479,,12427527000.0,3432441000.0,-3279539000.0,-1287349000.0,,,,,,,,,
2021Q1,606944000.0,33333437000.0,12859060000.0,23426193000.0,2591320000.0,69618690000.0,8208826000.0,573140000.0,2440902000.0,4002774000.0,2209332000.0,6717299000.0,4241931000.0,11388387000.0,3376705000.0,452077000.0,2279193000.0,18683547000.0,27803304000.0,-983387000.0,4309646000.0,6721845000.0,17313159000.0,11956742000.0,6729473000.0,,,3284726000.0,23426193000.0,799512000.0,473344000.0,3796909000.0,3403409000.0,3403409000.0,-79844000.0,-214230000.0,,,,816635000.0,16342984000.0,12939575000.0,12546075000.0,-118683000.0,,2468091000.0,799512000.0,,962081000.0,-471571000.0,-1149960000.0,-1464286000.0,-40497000.0,799512000.0,-375343000.0,117528000.0,1442986000.0,648831000.0,,-1174561000.0,148320000.0,2376006000.0,-435129000.0,,16342984000.0,799512000.0,0.2261923594670261,,13235503000.0,2572093000.0,-462646000.0,-2356978000.0,,,,,,,,,
2021Q2,516963000.0,30749375000.0,13341100000.0,24392938000.0,1890893000.0,68483413000.0,8208826000.0,647137000.0,3501528000.0,3590630000.0,1630746000.0,5966118000.0,3026287000.0,10979367000.0,2761575000.0,261101000.0,1700607000.0,17887414000.0,29892697000.0,1155839000.0,,8255855000.0,15576278000.0,13801156000.0,6895422000.0,,,5629120000.0,24392938000.0,1287633000.0,479808000.0,5414187000.0,5785059000.0,5785059000.0,-850680000.0,-219304000.0,,,,1688125000.0,19130116000.0,13345057000.0,13715929000.0,-155939000.0,,3940995000.0,1287633000.0,,679705000.0,-597469000.0,-313673000.0,-963151000.0,-1005617000.0,1287633000.0,-1215644000.0,-209110000.0,554086000.0,630498000.0,,-1044018000.0,49420000.0,2505466000.0,-565594000.0,,19130116000.0,1287633000.0,-0.07219980716102581,,11668298000.0,2551923000.0,-698898000.0,-2676888000.0,,,,,,,,,
2021Q3,507558000.0,34130892000.0,15012233000.0,27860077000.0,2881194000.0,77003202000.0,8208826000.0,604167000.0,4793018000.0,3828643000.0,2010389000.0,5055312000.0,3976157000.0,13235514000.0,2298605000.0,746988000.0,2080250000.0,18723260000.0,37087936000.0,1853422000.0,,10836993000.0,16426285000.0,15653770000.0,7244634000.0,,,7473693000.0,27860077000.0,1810363000.0,531755000.0,6419149000.0,6029233000.0,6029233000.0,-141839000.0,-272458000.0,,,,1893903000.0,21317057000.0,15287824000.0,14897908000.0,1444460000.0,,5579790000.0,1810363000.0,,-4402000.0,-824880000.0,63263000.0,-896365000.0,367191000.0,1810363000.0,949870000.0,96469000.0,2574646000.0,672673000.0,,-334506000.0,-34862000.0,3222085000.0,-810355000.0,,21317057000.0,1810363000.0,-0.12226583170868621,,12651253000.0,2977883000.0,-924766000.0,-1383114000.0,,,,,,,,,
2021Q4,509760000.0,30989604000.0,14742004000.0,28881058000.0,2000760000.0,74612666000.0,8208826000.0,686771000.0,4283314000.0,4007434000.0,2249864000.0,5302401000.0,4162748000.0,14041043000.0,2929308000.0,1766493000.0,2319725000.0,19603756000.0,33428447000.0,1804717000.0,,8325156000.0,12297848000.0,16861488000.0,8017140000.0,,,3903717000.0,28881058000.0,1165822000.0,636002000.0,5187115000.0,4750226000.0,4750226000.0,-199113000.0,-353849000.0,,,,338495000.0,21554924000.0,16804698000.0,16367809000.0,-846509000.0,,3565222000.0,1165822000.0,,896636000.0,1893920000.0,-3382402000.0,-7335821000.0,788741000.0,1165822000.0,186591000.0,375000.0,8621532000.0,528885000.0,,939038000.0,123887000.0,2709968000.0,1811078000.0,,21554924000.0,1165822000.0,-0.04169332942926096,,12427527000.0,3340775000.0,-4077306000.0,-1287349000.0,,,,,,,,,
2021Q2,1215296000.0,27315460000.0,-15746300000.0,,3971388000.0,11569160000.0,4194954000.0,467944000.0,-18870860000.0,2445181000.0,-1081414000.0,2458463000.0,760269000.0,10518175000.0,53772000.0,1158997000.0,-1039900000.0,4782770000.0,2570161000.0,-17503898000.0,22838000.0,1106296000.0,8521006000.0,212814000.0,1562946000.0,,,669670000.0,,642913000.0,533076000.0,-215571000.0,-810249000.0,-810249000.0,61602000.0,-455280000.0,,,,11635000.0,1028372000.0,1838621000.0,1243943000.0,1479919000.0,,658035000.0,642913000.0,,359258000.0,485336000.0,655948000.0,99063000.0,-91595000.0,642913000.0,355556000.0,-52025000.0,-176818000.0,282210000.0,12402000.0,-181084000.0,-981442000.0,-1248167000.0,-11653000.0,424557000.0,1028372000.0,642913000.0,-0.16000926397003556,11020000.0,542302000.0,168000.0,,-75237000.0,-2321000.0,,,,,,,,
2021Q3,1268184000.0,31234689000.0,-18279614000.0,,4361296000.0,12955075000.0,4197042000.0,477841000.0,-21397585000.0,3108534000.0,-1090091000.0,2807854000.0,1043358000.0,11214551000.0,53541000.0,1180337000.0,-1048577000.0,5568225000.0,2768221000.0,-20090100000.0,89943000.0,918078000.0,9950575000.0,239001000.0,1796913000.0,,,-2719610000.0,,-2526725000.0,802753000.0,73846000.0,-752452000.0,-752452000.0,23545000.0,-506500000.0,,,,-192885000.0,1915051000.0,2667503000.0,1841205000.0,-1967158000.0,,-2526725000.0,-2526725000.0,,511498000.0,-354351000.0,261377000.0,261389000.0,-148421000.0,-2526725000.0,283089000.0,1469000.0,374582000.0,301818000.0,5949000.0,80562000.0,,2128151000.0,-294025000.0,12000.0,1915051000.0,-2526725000.0,-0.11699776732143419,11020000.0,542302000.0,289000.0,,-91944000.0,-2321000.0,,,,,,,,
2021Q4,1280907000.0,35456021000.0,-21053678000.0,,5139284000.0,14402343000.0,4196607000.0,466462000.0,-24206908000.0,4403514000.0,-1054397000.0,2632616000.0,486258000.0,11081794000.0,75799000.0,496580000.0,-1012883000.0,7176151000.0,2688041000.0,-22876887000.0,291363000.0,1174373000.0,11265416000.0,269585000.0,1842789000.0,,,-2841465000.0,,-2809323000.0,832259000.0,-950969000.0,-1755303000.0,-1755303000.0,-27925000.0,-438585000.0,,,,-32143000.0,2922334000.0,4677637000.0,3873303000.0,-1086162000.0,,-2809322000.0,-2809323000.0,,647775000.0,-289968000.0,-765898000.0,-768219000.0,614668000.0,-2809323000.0,-557100000.0,-2072000.0,503159000.0,365284000.0,-35477000.0,-212325000.0,,1866333000.0,-208244000.0,349000.0,2922334000.0,-2809323000.0,-0.07052083529945874,11020000.0,542302000.0,82326000.0,,-15987000.0,-2321000.0,,,,,,,,
2022Q1,1313152000.0,33643626000.0,-18127117000.0,,5231599000.0,15516509000.0,4196959000.0,482421000.0,-21599323000.0,4243446000.0,-735271000.0,2357821000.0,135236000.0,11369006000.0,70620000.0,602603000.0,-694723000.0,8579921000.0,2641547000.0,-19982571000.0,314058000.0,1416743000.0,9575353000.0,293089000.0,1870248000.0,,,2738005000.0,,2607585000.0,592572000.0,606951000.0,21650000.0,21650000.0,-7271000.0,-608954000.0,,,,130420000.0,3220452000.0,3198802000.0,2613501000.0,2716355000.0,,2607585000.0,2607585000.0,,86574000.0,-194276000.0,-562087000.0,-561738000.0,9164000.0,2607585000.0,-351022000.0,-18491000.0,423483000.0,381262000.0,69819000.0,-113501000.0,,-2735650000.0,-215063000.0,349000.0,3220452000.0,2607585000.0,-0.060405748166718065,10518000.0,542302000.0,81766000.0,,-46524000.0,,,,,,,,,
2021Q1,12065265000.0,33103988000.0,28691335000.0,22833000.0,2478842000.0,61818156000.0,12395686000.0,1073460000.0,-781275000.0,4521692000.0,5977710000.0,6976513000.0,4326359000.0,15006149000.0,1270696000.0,2448381000.0,5987426000.0,8768036000.0,17739096000.0,385311000.0,2249701000.0,4746853000.0,10776351000.0,5342723000.0,6270952000.0,,,-95208000.0,22833000.0,-155169000.0,5638210000.0,6132606000.0,255506000.0,255506000.0,-455000.0,-233466000.0,,,,90093000.0,9455073000.0,9199567000.0,3322467000.0,-350714000.0,28749000.0,-185301000.0,-155169000.0,376385000.0,-445135000.0,83596000.0,-790713000.0,-733965000.0,-862799000.0,-155169000.0,-1495313000.0,365879000.0,-1210823000.0,606971000.0,,312379000.0,52684000.0,-106421000.0,-332627000.0,4064000.0,9455073000.0,-155169000.0,0.10448578255394025,11099214000.0,16240759000.0,28487000.0,,-599479000.0,-25078000.0,,,,,,,,
2021Q2,10625385000.0,32274077000.0,26310978000.0,17449000.0,2930688000.0,58602504000.0,12473615000.0,958200000.0,103066000.0,4313496000.0,2759633000.0,5704590000.0,4504792000.0,14471149000.0,2621997000.0,3071848000.0,2769349000.0,8017141000.0,19347509000.0,798882000.0,3484600000.0,5156594000.0,11070510000.0,5243323000.0,5724291000.0,,,-258487000.0,17449000.0,234844000.0,5861722000.0,6198879000.0,-52986000.0,-52986000.0,179287000.0,-1430954000.0,,,,-527439000.0,9517166000.0,9570152000.0,3318287000.0,-205501000.0,-36714000.0,268952000.0,234844000.0,-1350453000.0,185179000.0,-1684071000.0,1034998000.0,2573029000.0,372431000.0,234844000.0,178433000.0,-381921000.0,-328604000.0,437965000.0,,-493317000.0,1563109000.0,-334003000.0,-307153000.0,,9517166000.0,234844000.0,0.05359795342425544,10974664000.0,14886711000.0,21168000.0,,-423965000.0,-25078000.0,,,,,,,,
2021Q3,11128143000.0,30770717000.0,27849889000.0,14670000.0,2667249000.0,58635276000.0,12480420000.0,988753000.0,369859000.0,3970937000.0,4459360000.0,6553190000.0,3054398000.0,12747056000.0,2750833000.0,1155701000.0,4468679000.0,8191842000.0,17080431000.0,1072637000.0,2304507000.0,4784820000.0,11538120000.0,5947953000.0,6007876000.0,,,-3483000.0,14670000.0,272869000.0,5858793000.0,6236155000.0,289532000.0,289532000.0,-132505000.0,-1167583000.0,,,,-311984000.0,9549225000.0,9259693000.0,3313070000.0,-293015000.0,-38897000.0,308501000.0,272869000.0,1262231000.0,-185695000.0,1103303000.0,-2380224000.0,-2440933000.0,709648000.0,272869000.0,-1450394000.0,187070000.0,-299834000.0,490414000.0,,-382263000.0,-49633000.0,-961365000.0,-243578000.0,,9549225000.0,272869000.0,-0.3175178580566538,10540250000.0,15649109000.0,32561000.0,,-604184000.0,-11076000.0,,,,,,,,
2021Q4,11268084000.0,31881765000.0,28545570000.0,21155000.0,3368856000.0,60448490000.0,12481683000.0,1046284000.0,1073900000.0,3873786000.0,4478117000.0,7630732000.0,4007257000.0,13693877000.0,2954074000.0,945069000.0,4629459000.0,8473377000.0,17449877000.0,1687987000.0,1978696000.0,5014114000.0,11771763000.0,5403526000.0,6352651000.0,,,464361000.0,21155000.0,695416000.0,6603433000.0,7585522000.0,867813000.0,867813000.0,-53010000.0,-211699000.0,,,,-298656000.0,11643223000.0,10775410000.0,4057701000.0,-403452000.0,-67618000.0,763017000.0,695416000.0,424552000.0,913189000.0,-154867000.0,-505714000.0,-643313000.0,-715974000.0,695416000.0,952859000.0,25948000.0,1725091000.0,562237000.0,,-81956000.0,4424000.0,-431190000.0,-595869000.0,,11643223000.0,695416000.0,-0.3980319916547752,10511870000.0,15589499000.0,36921000.0,,509957000.0,-142023000.0,,,,,,,,
2021Q1,484583000.0,837464000.0,1700032000.0,,77899000.0,2537496000.0,1547934000.0,93104000.0,14850000.0,152540000.0,137248000.0,213626000.0,489500000.0,473869000.0,178564000.0,64191000.0,146622000.0,244400000.0,1385863000.0,1007521000.0,,483042000.0,78598000.0,320217000.0,210238000.0,,,-1814000.0,,14850000.0,219380000.0,228514000.0,2885000.0,2885000.0,6249000.0,-9617000.0,,,,-16664000.0,353624000.0,350739000.0,125110000.0,-4699000.0,,14850000.0,14850000.0,-3018000.0,15596000.0,-63871000.0,-121827000.0,-135870000.0,-4346000.0,14850000.0,-217271000.0,,-17530000.0,20542000.0,,60126000.0,,-22029000.0,-21960000.0,847902000.0,353624000.0,14850000.0,0.06557162099732339,,207928000.0,1096000.0,-14043000.0,-73610000.0,-25149000.0,,,,,,,,
2021Q2,488305000.0,824827000.0,1734694000.0,,52621000.0,2559521000.0,1547934000.0,101886000.0,81029000.0,175441000.0,105731000.0,201050000.0,354975000.0,442723000.0,167090000.0,60459000.0,137058000.0,249895000.0,1406040000.0,1038481000.0,,587831000.0,75245000.0,361348000.0,186191000.0,,,80972000.0,,66179000.0,283041000.0,362339000.0,75011000.0,75011000.0,4287000.0,-20912000.0,,,,14793000.0,506572000.0,431561000.0,144233000.0,5961000.0,,66179000.0,66179000.0,-3018000.0,-32540000.0,-38544000.0,-20533000.0,-20533000.0,-3486000.0,66179000.0,-134525000.0,,-75448000.0,27422000.0,,-71477000.0,,12868000.0,-9013000.0,847902000.0,506572000.0,66179000.0,0.16546490744190323,,207908000.0,6323000.0,-9433000.0,-42678000.0,-25149000.0,,,,,,,,
2021Q3,1401397000.0,2349783000.0,7173403000.0,,146562000.0,9523186000.0,4050325000.0,115095000.0,254832000.0,447566000.0,2868246000.0,717120000.0,268291000.0,1128461000.0,183897000.0,127016000.0,2868246000.0,806633000.0,2711211000.0,1897717000.0,,1328459000.0,566398000.0,999366000.0,569959000.0,,,86063000.0,,173803000.0,319832000.0,415946000.0,88266000.0,88266000.0,7848000.0,-24004000.0,,,,-87740000.0,714270000.0,626004000.0,298324000.0,-2203000.0,,173803000.0,173803000.0,1000.0,37819000.0,-1410470000.0,441739000.0,1280208000.0,83787000.0,173803000.0,-86684000.0,,43578000.0,29290000.0,,-123753000.0,,-86252000.0,-26344000.0,847902000.0,714270000.0,173803000.0,-0.18080001831054693,,3874289000.0,12536000.0,-9433000.0,-34410000.0,-25149000.0,,,,,,,,
2021Q4,1450962000.0,2862260000.0,7146154000.0,,232861000.0,10008414000.0,4047129000.0,119959000.0,228590000.0,804314000.0,2870435000.0,802469000.0,224061000.0,1264676000.0,287268000.0,194348000.0,2870435000.0,1084092000.0,2799026000.0,1838551000.0,,1524031000.0,590363000.0,930975000.0,565966000.0,,,14741000.0,,44958000.0,531498000.0,611669000.0,33341000.0,33341000.0,46830000.0,-22422000.0,,,,-30217000.0,1217212000.0,1183871000.0,605543000.0,-18600000.0,,44958000.0,44958000.0,-9856000.0,-6227000.0,-86777000.0,44229000.0,19079000.0,62238000.0,44958000.0,-44230000.0,,23468000.0,54983000.0,,-233767000.0,,77375000.0,-46445000.0,,1217212000.0,44958000.0,-0.09999998137354815,,3856641000.0,15224000.0,-1000.0,69850000.0,-25149000.0,,,,,,,,
2021Q1,2712857000.0,5811882000.0,7979400000.0,3416000.0,461258000.0,13794698000.0,5825522000.0,333813000.0,2105959000.0,566805000.0,47919000.0,1184604000.0,175819000.0,2303004000.0,662121000.0,40722000.0,47921000.0,2280511000.0,3689238000.0,2552794000.0,2362159000.0,681877000.0,2001989000.0,135570000.0,1392596000.0,,,220812000.0,3416000.0,150188000.0,518247000.0,834935000.0,315844000.0,315844000.0,844000.0,-33001000.0,,,,68983000.0,2357038000.0,2041194000.0,1522103000.0,-95032000.0,,151829000.0,150188000.0,5182000.0,61879000.0,-129260000.0,-85905000.0,-79696000.0,-30854000.0,150188000.0,32607000.0,,241563000.0,210162000.0,-112219000.0,-94970000.0,6209000.0,20485000.0,-109366000.0,2025000000.0,2357038000.0,150188000.0,-0.11305338681558852,,2713749000.0,1213739000.0,-186072000.0,-33893000.0,-73996000.0,,160542000.0,,,,,,
2021Q2,2736587000.0,6640405000.0,10661787000.0,3622000.0,339096000.0,17305814000.0,8352335000.0,402899000.0,2141538000.0,1045820000.0,167914000.0,1418252000.0,226616000.0,2653804000.0,809022000.0,93563000.0,167916000.0,2449729000.0,3749082000.0,3369040000.0,2270857000.0,704723000.0,2001059000.0,143987000.0,1677869000.0,,,79476000.0,3622000.0,104398000.0,638130000.0,760926000.0,129035000.0,129035000.0,-6239000.0,-39631000.0,,,,-25134000.0,2459714000.0,2330679000.0,1698788000.0,-49559000.0,,104610000.0,104398000.0,-962081000.0,-48616000.0,-1345448000.0,-130304000.0,1658921000.0,-358098000.0,104398000.0,50797000.0,,-262676000.0,201480000.0,-112219000.0,-64193000.0,-49703000.0,-86662000.0,-103894000.0,2025000000.0,2459714000.0,104398000.0,-0.02341951458075142,,4556160000.0,2396004000.0,-186072000.0,-5298000.0,-73996000.0,,170669000.0,,,,,,
2021Q3,2607193000.0,6784367000.0,10615637000.0,4284000.0,241478000.0,17404288000.0,8352335000.0,408592000.0,2139005000.0,1081244000.0,124297000.0,1519931000.0,506142000.0,3267099000.0,900478000.0,649852000.0,198295000.0,2603532000.0,3710513000.0,3200710000.0,2028356000.0,626145000.0,1412231000.0,141278000.0,1778451000.0,,,58871000.0,4284000.0,43191000.0,630383000.0,792960000.0,176241000.0,176241000.0,-13664000.0,-53885000.0,,,,15199000.0,2644131000.0,2467890000.0,1851171000.0,-117370000.0,,43672000.0,43191000.0,565233000.0,-9890000.0,491325000.0,-103609000.0,-375419000.0,-165349000.0,43191000.0,279526000.0,,163620000.0,230138000.0,114725000.0,49770000.0,-138216000.0,29083000.0,-91700000.0,,2644131000.0,43191000.0,-0.15869478165057127,,4807734000.0,2155385000.0,-59598000.0,2844000.0,-73996000.0,,179056000.0,,,,,,
2021Q4,2464061000.0,10461395000.0,10572141000.0,853000.0,201944000.0,21034389000.0,8352335000.0,381801000.0,2318238000.0,1299383000.0,-98432000.0,1683612000.0,347256000.0,3184452000.0,1034446000.0,713250000.0,201394000.0,3010935000.0,3318191000.0,3015632000.0,1720024000.0,712177000.0,4900970000.0,156933000.0,1722500000.0,,,133717000.0,853000.0,200018000.0,735050000.0,984716000.0,242308000.0,242308000.0,7358000.0,-170250000.0,,,,-66508000.0,2730113000.0,2487805000.0,1745397000.0,-108591000.0,,200225000.0,200018000.0,-2888438000.0,-47907000.0,-3355474000.0,3444415000.0,3126685000.0,-107299000.0,200018000.0,-158886000.0,,69903000.0,225144000.0,8757000.0,-104509000.0,-52984000.0,-29985000.0,-282837000.0,,2730113000.0,200018000.0,-0.04376949127566265,,5092448000.0,5465142000.0,-38918000.0,-13889000.0,-225828000.0,,172025000.0,,,,,,
2021Q2,2045576000.0,8962695000.0,9589328000.0,2945000.0,708071000.0,18554968000.0,4478126000.0,362375000.0,4195681000.0,443955000.0,915521000.0,1758740000.0,2049345000.0,2923143000.0,195694000.0,1081033000.0,959469000.0,1760127000.0,5636344000.0,254518000.0,,2071398000.0,5540366000.0,1153226000.0,778149000.0,,,487388000.0,2945000.0,470756000.0,509219000.0,987677000.0,478524000.0,478524000.0,-66000.0,-67290000.0,,,,7970000.0,1507379000.0,1028855000.0,519702000.0,8864000.0,-8835000.0,479418000.0,470756000.0,-4228000.0,27133000.0,47341000.0,-19161000.0,-103104000.0,139057000.0,470756000.0,351343000.0,,407106000.0,32537000.0,9565000.0,-246298000.0,-77864000.0,76397000.0,-112532000.0,18548000.0,1507379000.0,470756000.0,0.0059434947183616416,,7289234000.0,64947000.0,-24627000.0,-57744000.0,-1000.0,,478687000.0,,,,,,
2021Q3,2052055000.0,10367500000.0,9680534000.0,4462000.0,1282135000.0,20052496000.0,4478126000.0,325426000.0,4202611000.0,352331000.0,999797000.0,1915355000.0,3142477000.0,3438892000.0,313820000.0,927000000.0,1037678000.0,1879184000.0,6842340000.0,337578000.0,,2144014000.0,6521753000.0,1230423000.0,816065000.0,,,471178000.0,4462000.0,201554000.0,511356000.0,1043496000.0,531989000.0,531989000.0,151000.0,-103440000.0,,,,6448000.0,1632642000.0,1100653000.0,589146000.0,-60811000.0,-263176000.0,464730000.0,201554000.0,-4228000.0,-23431000.0,-121763000.0,778737000.0,674996000.0,108340000.0,201554000.0,1093132000.0,,539899000.0,33931000.0,17698000.0,-12600000.0,-79078000.0,371081000.0,-150519000.0,18692000.0,1632642000.0,201554000.0,-0.18774158739725155,,7290901000.0,72661000.0,-24662000.0,-90693000.0,-1000.0,,521746000.0,,,,,,
2021Q4,2061503000.0,9984491000.0,9826591000.0,6880000.0,1463641000.0,19817962000.0,4478126000.0,151691000.0,4360237000.0,345386000.0,988228000.0,1691897000.0,2287062000.0,2776526000.0,355115000.0,602488000.0,1069578000.0,2095140000.0,6491633000.0,398300000.0,,2639438000.0,6803883000.0,1303480000.0,327133000.0,,,396258000.0,6880000.0,352979000.0,452009000.0,1018914000.0,566715000.0,566715000.0,190000.0,-164434000.0,,,,30290000.0,1626490000.0,1059775000.0,607576000.0,-170457000.0,-12892000.0,365968000.0,352979000.0,-4228000.0,-17327000.0,-840823000.0,-141497000.0,-315670000.0,27168000.0,352979000.0,-855415000.0,,301078000.0,33560000.0,87374000.0,-222222000.0,-105572000.0,207749000.0,-321110000.0,18692000.0,1626490000.0,352979000.0,0.1376614414693249,,7366788000.0,111001000.0,-25053000.0,-76680000.0,-62240000.0,,568871000.0,,,,,,
2022Q1,10823487000.0,10474209000.0,9892277000.0,6131000.0,1143481000.0,20372617000.0,4478126000.0,172897000.0,4513131000.0,383543000.0,901020000.0,1176167000.0,1595166000.0,3521561000.0,419067000.0,1666447000.0,955281000.0,2184470000.0,6067824000.0,-931210000.0,,2513690000.0,6569105000.0,1531128000.0,399436000.0,,,294462000.0,6131000.0,347667000.0,482240000.0,939190000.0,462586000.0,462586000.0,-5636000.0,-229470000.0,,,,-55059000.0,1493550000.0,1030964000.0,554360000.0,-168124000.0,-2633000.0,349521000.0,347667000.0,-4228000.0,63748000.0,-970084000.0,792710000.0,-33586000.0,-249962000.0,347667000.0,-691896000.0,,311774000.0,37606000.0,-110546000.0,157793000.0,-143110000.0,109363000.0,-115441000.0,21613000.0,1493550000.0,347667000.0,0.16743352681952173,,,120669000.0,-704799000.0,-184316000.0,,,,,,,,,
2021Q1,212782000.0,19028307000.0,4395844000.0,,4154214000.0,23424151000.0,4253080000.0,7200162000.0,883548000.0,901667000.0,-741790000.0,2844864000.0,58456000.0,17302242000.0,1331485000.0,14752000.0,-458030000.0,70398000.0,16269801000.0,4332400000.0,877027000.0,4673957000.0,817133000.0,,12825617000.0,,,83859000.0,,50801000.0,73516000.0,420000000.0,337993000.0,337993000.0,8491000.0,-11248000.0,,,,33058000.0,1979220000.0,1641227000.0,1559220000.0,-254134000.0,,50801000.0,50801000.0,1019147000.0,-92403000.0,1010903000.0,-3227000.0,-3227000.0,-582206000.0,50801000.0,43893000.0,5567000.0,-969350000.0,11811000.0,-442000.0,-298299000.0,-1104000.0,-10390000.0,-1129000.0,,1979220000.0,50801000.0,-0.18043534495129432,1006000.0,,4026306000.0,-24815000.0,,,,,,,,,,
2021Q2,192691000.0,17960714000.0,4211778000.0,,3431025000.0,22172492000.0,4253080000.0,6281105000.0,676602000.0,825248000.0,-718910000.0,3004313000.0,29729000.0,16312679000.0,1513385000.0,10338000.0,-435150000.0,65153000.0,14393581000.0,4148770000.0,662507000.0,3977539000.0,817790000.0,,12610020000.0,,,-418674000.0,,-206946000.0,130942000.0,-72478000.0,-283654000.0,-283654000.0,80234000.0,-19193000.0,,,,-211728000.0,2220797000.0,2504451000.0,2293275000.0,-135020000.0,,-206946000.0,-206946000.0,-538494000.0,-54964000.0,-546375000.0,3227000.0,2123000.0,-362505000.0,-206946000.0,-28727000.0,-7116000.0,522641000.0,9973000.0,-319000.0,1155814000.0,-1104000.0,7442000.0,338000.0,,2220797000.0,-206946000.0,-0.08480003356933596,1006000.0,,4516754000.0,-24815000.0,,,,,,,,,,
2021Q3,206627000.0,19866468000.0,4025515000.0,,3479178000.0,23891983000.0,4253080000.0,6705540000.0,519521000.0,768311000.0,-748092000.0,3207592000.0,62444000.0,18274627000.0,1856007000.0,24662000.0,-464332000.0,64906000.0,15194763000.0,3953524000.0,830636000.0,4064062000.0,818448000.0,,14499308000.0,,,-451580000.0,,-155701000.0,90470000.0,-76390000.0,-129208000.0,-129208000.0,-37652000.0,-14982000.0,,,,-295879000.0,2470285000.0,2599493000.0,2546675000.0,-322372000.0,,-155701000.0,-155701000.0,-490156000.0,-494357000.0,-510619000.0,,-24815000.0,1221449000.0,-155701000.0,32715000.0,5167000.0,562982000.0,11763000.0,-164000.0,-24334000.0,,-14165000.0,-2898000.0,,2470285000.0,-155701000.0,-0.13636359468206505,1006000.0,,5218095000.0,-24815000.0,,,,,,,,,,
2021Q4,212817000.0,19040081000.0,3634360000.0,,2936291000.0,22674441000.0,4253080000.0,6582635000.0,148666000.0,864785000.0,-768392000.0,3521917000.0,38774000.0,17351763000.0,2068057000.0,10354000.0,-484632000.0,64503000.0,13876449000.0,3549240000.0,561595000.0,3325396000.0,819107000.0,,14128682000.0,,,-609070000.0,,-370855000.0,92186000.0,-1239839000.0,-1378230000.0,-1378230000.0,46205000.0,-17426000.0,,,,-238215000.0,4320720000.0,5698950000.0,5560559000.0,769160000.0,,-370855000.0,-370855000.0,231996000.0,-176353000.0,207235000.0,,,-457410000.0,-370855000.0,-23670000.0,15229000.0,-246134000.0,-25172000.0,-164000.0,818935000.0,,-3372000.0,-1485000.0,,4320720000.0,-370855000.0,-0.2914979839151438,1006000.0,,4998755000.0,,,,,,,,,,,
2021Q1,415000000.0,11429000000.0,58696000000.0,3177000000.0,1014000000.0,73302000000.0,43515000000.0,521000000.0,16253000000.0,2775000000.0,-1072000000.0,1323000000.0,2541000000.0,3202000000.0,935000000.0,280000000.0,-1072000000.0,5039000000.0,7308000000.0,57957000000.0,,1630000000.0,5104000000.0,1119000000.0,1232000000.0,,,2406000000.0,3177000000.0,2207000000.0,312000000.0,606000000.0,298000000.0,298000000.0,-4000000.0,-57000000.0,,,,90000000.0,1768000000.0,1470000000.0,1162000000.0,2108000000.0,,2316000000.0,2207000000.0,-17000000.0,58000000.0,948000000.0,-105000000.0,-1579000000.0,19000000.0,2207000000.0,-346000000.0,2000000.0,283000000.0,175000000.0,1072000000.0,-7000000.0,,-1993000000.0,-134000000.0,2000000.0,1768000000.0,2207000000.0,0.03732530858099414,,324000000.0,58893000000.0,-1412000000.0,-179000000.0,-62000000.0,,,,,,,,
2021Q2,414000000.0,14588000000.0,61112000000.0,3576000000.0,2177000000.0,79276000000.0,43515000000.0,232000000.0,18886000000.0,2220000000.0,-1289000000.0,1649000000.0,5067000000.0,4838000000.0,725000000.0,659000000.0,-1289000000.0,5089000000.0,10448000000.0,60374000000.0,,2503000000.0,7176000000.0,1167000000.0,1330000000.0,,,4295000000.0,3576000000.0,3514000000.0,342000000.0,721000000.0,846000000.0,846000000.0,-467000000.0,-69000000.0,,,,329000000.0,1974000000.0,1128000000.0,1253000000.0,3449000000.0,,3966000000.0,3514000000.0,-17000000.0,89000000.0,-2000000.0,2447000000.0,2281000000.0,19000000.0,3514000000.0,2526000000.0,-9000000.0,256000000.0,177000000.0,202000000.0,-124000000.0,,-3353000000.0,-199000000.0,2000000.0,1974000000.0,3514000000.0,-0.02455656562450015,,324000000.0,61352000000.0,-168000000.0,-69000000.0,-121000000.0,,,,,,,,
2021Q3,420000000.0,14607000000.0,62602000000.0,3798000000.0,1940000000.0,81007000000.0,43515000000.0,185000000.0,20608000000.0,2293000000.0,-1521000000.0,1729000000.0,2517000000.0,4790000000.0,726000000.0,768000000.0,-1431000000.0,5180000000.0,7626000000.0,61858000000.0,,2226000000.0,7159000000.0,1251000000.0,1357000000.0,,,2664000000.0,3798000000.0,2361000000.0,368000000.0,752000000.0,414000000.0,414000000.0,-30000000.0,-144000000.0,,,,140000000.0,2177000000.0,1763000000.0,1425000000.0,2250000000.0,,2524000000.0,2361000000.0,-2580000000.0,25000000.0,-1799000000.0,-44000000.0,-1158000000.0,509000000.0,2361000000.0,-2550000000.0,4000000.0,403000000.0,179000000.0,1013000000.0,-169000000.0,,-2097000000.0,-236000000.0,2000000.0,2177000000.0,2361000000.0,-0.04632865288894861,,324000000.0,65728000000.0,-993000000.0,-69000000.0,-121000000.0,,,,,,,,
2021Q4,432000000.0,16473000000.0,65886000000.0,3622000000.0,2253000000.0,85981000000.0,51460000000.0,253000000.0,16319000000.0,2663000000.0,-1897000000.0,2406000000.0,3876000000.0,5827000000.0,1252000000.0,1272000000.0,-1800000000.0,5379000000.0,9772000000.0,65130000000.0,,2662000000.0,7606000000.0,1433000000.0,1758000000.0,,,3875000000.0,3622000000.0,4118000000.0,491000000.0,795000000.0,363000000.0,363000000.0,-59000000.0,-208000000.0,,,,-610000000.0,2251000000.0,1888000000.0,1456000000.0,3512000000.0,,4485000000.0,4118000000.0,1056000000.0,377000000.0,952000000.0,730000000.0,-30000000.0,-480000000.0,4118000000.0,1359000000.0,-1000000.0,438000000.0,177000000.0,189000000.0,84000000.0,,-3959000000.0,-301000000.0,2000000.0,2251000000.0,4118000000.0,0.01169571492190502,4000000.0,324000000.0,67668000000.0,-762000000.0,-223000000.0,,,,,,,,,
2021Q1,18059000000.0,1863443000000.0,147255000000.0,12519000000.0,114767000000.0,2023217000000.0,97148000000.0,114776000000.0,52066000000.0,273027000000.0,-2243000000.0,905922000000.0,45055000000.0,1343052000000.0,57837000000.0,201204000000.0,-1710000000.0,11861000000.0,523278000000.0,129196000000.0,249116000000.0,8570000000.0,242187000000.0,,821379000000.0,,,8538000000.0,12519000000.0,5684000000.0,14291000000.0,26256000000.0,0.0,10265000000.0,1700000000.0,,,,,2318000000.0,26256000000.0,15991000000.0,0.0,-1727000000.0,,6220000000.0,5684000000.0,12546000000.0,0.0,11462000000.0,-5214000000.0,5354000000.0,-15357000000.0,5684000000.0,-20548000000.0,-12106000000.0,-25258000000.0,803000000.0,-5000000.0,,12820000000.0,13013000000.0,-298000000.0,510000000.0,26256000000.0,5684000000.0,0.0523094819373533,284000000.0,,564097000000.0,-2762000000.0,,,,,,,,,,
2021Q2,17511000000.0,1802831000000.0,143354000000.0,11060000000.0,126809000000.0,1957245000000.0,90729000000.0,119670000000.0,55158000000.0,276621000000.0,-2817000000.0,901771000000.0,46110000000.0,1302585000000.0,53635000000.0,208121000000.0,-2289000000.0,11450000000.0,485183000000.0,125843000000.0,213704000000.0,7260000000.0,218750000000.0,,793501000000.0,,,13985000000.0,11060000000.0,8404000000.0,12986000000.0,30446000000.0,0.0,15039000000.0,2421000000.0,,,,,5246000000.0,30446000000.0,15407000000.0,0.0,-1054000000.0,,8739000000.0,8404000000.0,-10262000000.0,0.0,-11893000000.0,-6214000000.0,-46311000000.0,23857000000.0,8404000000.0,8063000000.0,14421000000.0,51846000000.0,758000000.0,-5000000.0,,-39657000000.0,-2958000000.0,-312000000.0,,30446000000.0,8404000000.0,-0.04433183802904106,284000000.0,,541330000000.0,-440000000.0,,,,,,,,,,
2021Q3,20789000000.0,1884047000000.0,147606000000.0,11356000000.0,118831000000.0,2043009000000.0,90729000000.0,121794000000.0,59866000000.0,279633000000.0,-3273000000.0,951703000000.0,49038000000.0,1375424000000.0,53670000000.0,196492000000.0,-2745000000.0,11828000000.0,518693000000.0,126817000000.0,237341000000.0,8028000000.0,223817000000.0,,818734000000.0,,,9436000000.0,11356000000.0,6076000000.0,14159000000.0,26100000000.0,0.0,9988000000.0,1953000000.0,,,,,3041000000.0,26100000000.0,16112000000.0,0.0,-552000000.0,,6395000000.0,6076000000.0,-3657000000.0,0.0,-7842000000.0,-702000000.0,21885000000.0,-31636000000.0,6076000000.0,5245000000.0,149000000.0,-8947000000.0,767000000.0,-5000000.0,,25210000000.0,12041000000.0,-330000000.0,,26100000000.0,6076000000.0,-0.20635960484289828,284000000.0,,539996000000.0,-2623000000.0,,,,,,,,,,
2021Q4,21110000000.0,1904730000000.0,152864000000.0,11612000000.0,147155000000.0,2069206000000.0,90729000000.0,128528000000.0,66161000000.0,255768000000.0,-4310000000.0,1003212000000.0,62867000000.0,1445264000000.0,50831000000.0,264187000000.0,-3782000000.0,12009000000.0,517991000000.0,131754000000.0,227488000000.0,7602000000.0,199520000000.0,,850372000000.0,,,10272000000.0,11612000000.0,6596000000.0,16097000000.0,29193000000.0,0.0,10791000000.0,2305000000.0,,,,,3242000000.0,29193000000.0,18402000000.0,0.0,-519000000.0,,7030000000.0,6596000000.0,5356000000.0,0.0,3432000000.0,-12029000000.0,28974000000.0,-68739000000.0,6596000000.0,11104000000.0,-22405000000.0,1103000000.0,35000000.0,-5000000.0,,41445000000.0,40209000000.0,-474000000.0,,29193000000.0,6596000000.0,0.08903545789378553,284000000.0,,514884000000.0,-442000000.0,,,,,,,,,,
2021Q1,8264908000.0,122562633000.0,40209284000.0,3915052000.0,4422876000.0,166686969000.0,23576206000.0,1847301000.0,6330980000.0,13544118000.0,10090219000.0,11172496000.0,10258532000.0,42869524000.0,1548112000.0,6308341000.0,10630417000.0,58534946000.0,57806306000.0,1241869000.0,,18041185000.0,61123278000.0,27659288000.0,22087939000.0,,,3482237000.0,3915052000.0,2045521000.0,6580172000.0,11111779000.0,4611464000.0,4611464000.0,-79857000.0,-1187747000.0,,,,1326658000.0,75251218000.0,70639754000.0,64139439000.0,-1129227000.0,,2155579000.0,2045521000.0,-6168000.0,-1484240000.0,-1612849000.0,-4473473000.0,-7321672000.0,-1768266000.0,2045521000.0,-9421211000.0,1291329000.0,-1778019000.0,2076004000.0,4015000.0,185084000.0,54139000.0,1571787000.0,-1705779000.0,1241251000.0,75251218000.0,2045521000.0,0.1522879302551936,211879000.0,30702507000.0,205806000.0,-2511103000.0,-4001557000.0,-2902338000.0,,,,,,,,
2021Q2,7273435000.0,127070651000.0,41898201000.0,3314414000.0,5482144000.0,172283266000.0,23576206000.0,3204244000.0,9276276000.0,12805897000.0,8833840000.0,10959390000.0,16840600000.0,45973209000.0,1641979000.0,7067249000.0,8839922000.0,55319120000.0,68156375000.0,4250623000.0,,19272442000.0,63583724000.0,28839089000.0,22073394000.0,,,6247591000.0,3314414000.0,4382462000.0,9226009000.0,16480966000.0,7381370000.0,7381370000.0,-126413000.0,-1154609000.0,,,,2039436000.0,85626927000.0,78245557000.0,69145961000.0,-1133779000.0,,4208155000.0,4382462000.0,1000.0,2927479000.0,-3994337000.0,10947402000.0,7112720000.0,195071000.0,4382462000.0,6582068000.0,-1700842000.0,5164527000.0,2151833000.0,8502000.0,-3224825000.0,-1620088000.0,4852963000.0,-1985261000.0,1241251000.0,85626927000.0,4382462000.0,0.04066018916715941,211879000.0,30374143000.0,200803000.0,-2511103000.0,-4273137000.0,-944742000.0,,,,,,,,
2021Q3,11695884000.0,145850725000.0,46554522000.0,3621586000.0,5428284000.0,196026833000.0,23576206000.0,3614744000.0,14367798000.0,14250988000.0,8398639000.0,11222515000.0,23332141000.0,51844085000.0,1454197000.0,9787424000.0,9899142000.0,61260652000.0,79367852000.0,2609107000.0,,21563302000.0,74158917000.0,30857665000.0,24266108000.0,,,9816916000.0,3621586000.0,7585570000.0,7761023000.0,19270830000.0,11595379000.0,11595379000.0,-85572000.0,-1375256000.0,,,,2167006000.0,92625318000.0,81029939000.0,73354488000.0,-1778463000.0,,7649910000.0,7585570000.0,-1000.0,215589000.0,-7746372000.0,6771638000.0,3626017000.0,-1097958000.0,7585570000.0,6491541000.0,1761646000.0,8850250000.0,2279132000.0,-95208000.0,-588518000.0,604656000.0,3304802000.0,-2583286000.0,1237079000.0,92625318000.0,7585570000.0,0.15330859679361453,211879000.0,32249531000.0,230399000.0,-2510962000.0,-1091704000.0,-2476394000.0,,,,,,,,
2021Q4,11783916000.0,159312396000.0,44119292000.0,3677428000.0,5659677000.0,207109116000.0,23576206000.0,3641624000.0,13485593000.0,12177897000.0,6845614000.0,11471264000.0,23239150000.0,59812238000.0,1730122000.0,11468412000.0,9883452000.0,67120236000.0,83925962000.0,-229172000.0,,23082331000.0,80603870000.0,33962857000.0,30217201000.0,,,7644708000.0,3677428000.0,6473008000.0,8932571000.0,19321410000.0,10356830000.0,10356830000.0,32009000.0,-1546984000.0,,,,1128699000.0,97192098000.0,86835268000.0,77870688000.0,-2712122000.0,,6516009000.0,6473008000.0,3000.0,4891274000.0,-5504807000.0,4486235000.0,-4261569000.0,-2111666000.0,6473008000.0,-92991000.0,429834000.0,9243551000.0,2498078000.0,10000000.0,-643974000.0,385894000.0,2983720000.0,-3349246000.0,,97192098000.0,6473008000.0,-0.024130613790432465,211879000.0,32564548000.0,243190000.0,-2373867000.0,-2418911000.0,-6759831000.0,,,,,,,,
2021Q1,72346000.0,3612793000.0,3933223000.0,73639000.0,661155000.0,7619655000.0,1865950000.0,,2114074000.0,1090743000.0,-46801000.0,1037326000.0,617083000.0,866764000.0,,104499000.0,-26789000.0,4431882000.0,2032610000.0,3822739000.0,,594819000.0,1543439000.0,258890000.0,85886000.0,,,206965000.0,73639000.0,195811000.0,54637000.0,282375000.0,217343000.0,217343000.0,9865000.0,-4373000.0,,,,15444000.0,385584000.0,168241000.0,103209000.0,-10378000.0,,191521000.0,195811000.0,2289000.0,45435000.0,-52743000.0,53173000.0,58940000.0,-25471000.0,195811000.0,136923000.0,,130726000.0,15568000.0,1497000.0,-100229000.0,-125312000.0,5452000.0,-53727000.0,5767000.0,385584000.0,195811000.0,0.03265309538358685,,38138000.0,7353000.0,-144361000.0,-7814000.0,-31117000.0,,,,,,,,
2021Q2,74126000.0,3702387000.0,4262310000.0,68255000.0,558539000.0,8032952000.0,1865950000.0,,2440788000.0,1088669000.0,-44428000.0,899594000.0,623758000.0,804781000.0,,118403000.0,-24416000.0,4483452000.0,2526832000.0,4150046000.0,,919521000.0,1697146000.0,411102000.0,119276000.0,,,341966000.0,68255000.0,326767000.0,58735000.0,484808000.0,416413000.0,416413000.0,9141000.0,-75910000.0,,,,20583000.0,664881000.0,248468000.0,180073000.0,-74447000.0,,321383000.0,326767000.0,-1095000.0,-22000000.0,-82313000.0,141359000.0,-3002000.0,51032000.0,326767000.0,6675000.0,,91990000.0,13738000.0,-5221000.0,-323238000.0,-125312000.0,57388000.0,-73227000.0,,664881000.0,326767000.0,-0.004743090950120932,,38138000.0,10810000.0,-144361000.0,-13548000.0,-31117000.0,,,,,,,,
2021Q3,74121000.0,3529988000.0,4443132000.0,68037000.0,407472000.0,8041157000.0,1865950000.0,,2654762000.0,949531000.0,-77580000.0,1004824000.0,327156000.0,797854000.0,,264635000.0,-26451000.0,4624035000.0,2289229000.0,4330873000.0,,869533000.0,1666215000.0,580684000.0,125747000.0,,,231099000.0,68037000.0,213974000.0,67970000.0,312993000.0,202175000.0,202175000.0,42848000.0,-50200000.0,,,,17343000.0,476811000.0,274636000.0,163818000.0,28924000.0,,213756000.0,213974000.0,66013000.0,-5791000.0,-35741000.0,75647000.0,-80782000.0,-350313000.0,213974000.0,-296602000.0,,-180079000.0,14640000.0,-8470000.0,-104197000.0,-125312000.0,46927000.0,-92431000.0,,476811000.0,213974000.0,-0.25205188947700063,,38138000.0,10810000.0,-125000000.0,40091000.0,-31117000.0,,,,,,,,
2021Q4,75409000.0,3865074000.0,4464564000.0,81896000.0,483523000.0,8411534000.0,1865950000.0,,2685486000.0,1065950000.0,-86872000.0,1342475000.0,421743000.0,843724000.0,,258627000.0,-30234000.0,4902295000.0,1586009000.0,4350370000.0,,888411000.0,1718365000.0,275855000.0,101574000.0,,,215732000.0,81896000.0,266912000.0,77382000.0,317150000.0,237049000.0,237049000.0,2145000.0,-62069000.0,,,,-38827000.0,483525000.0,246476000.0,166375000.0,-21317000.0,,254559000.0,266912000.0,66053000.0,-16074000.0,-132626000.0,24141000.0,-121166000.0,354457000.0,266912000.0,94587000.0,,348379000.0,15062000.0,7279000.0,89611000.0,-14798000.0,-381982000.0,-203025000.0,,483525000.0,266912000.0,0.08566368431051341,,38785000.0,466561000.0,-125000000.0,-18729000.0,-5509000.0,,,,,,,,
2017Q2,93217000.0,22249539000.0,7128936000.0,,356114000.0,29378475000.0,2384484000.0,230941000.0,2558404000.0,2329379000.0,2186048000.0,6111326000.0,6339737000.0,3557326000.0,,18702449000.0,2392088000.0,12747566000.0,10257144000.0,7035719000.0,614562000.0,2139318000.0,16362834000.0,932586000.0,615420000.0,,,-600162000.0,,-377583000.0,288734000.0,245969000.0,-31634000.0,-31634000.0,-11131000.0,-298314000.0,,,,-222579000.0,1984195000.0,2015829000.0,1738226000.0,-568528000.0,,-377583000.0,-377583000.0,5100000.0,-15598000.0,-143030000.0,-564804000.0,-697687000.0,12680000.0,-377583000.0,-312772000.0,,527945000.0,625785000.0,7650000.0,-87737000.0,-78980000.0,211569000.0,-209292000.0,,1984195000.0,-377583000.0,0.08134587199214005,,,169222000.0,-53903000.0,-43588000.0,,,,,,,,,
2017Q3,91715000.0,22664429000.0,7497398000.0,,260431000.0,30161827000.0,2384484000.0,276449000.0,2928366000.0,2667979000.0,2184548000.0,6007196000.0,7068770000.0,3488779000.0,,18847942000.0,2390588000.0,12611085000.0,11277315000.0,7405683000.0,632122000.0,2393445000.0,16507671000.0,906529000.0,578645000.0,,,742014000.0,,390620000.0,296246000.0,572097000.0,261511000.0,261511000.0,14340000.0,-281622000.0,,,,351394000.0,2224595000.0,1963084000.0,1652498000.0,480503000.0,,390620000.0,390620000.0,5100000.0,8923000.0,-210977000.0,751560000.0,617375000.0,-12515000.0,390620000.0,729033000.0,,322635000.0,488401000.0,7650000.0,-391989000.0,-2659000.0,-374018000.0,-216329000.0,,2224595000.0,390620000.0,0.05033301341493557,,,174516000.0,-184385000.0,26057000.0,,,,,,,,,
2017Q4,89949000.0,23315390000.0,7234151000.0,,282355000.0,30549541000.0,2516753000.0,277691000.0,2569026000.0,2488546000.0,2148372000.0,5864835000.0,7028422000.0,3747333000.0,,19549411000.0,2354501000.0,12619495000.0,11803589000.0,7144202000.0,1243173000.0,2321142000.0,17079511000.0,933161000.0,713612000.0,,,-162828000.0,,-82893000.0,319822000.0,788977000.0,438215000.0,438215000.0,30940000.0,-277717000.0,,,,-79935000.0,2297896000.0,1859681000.0,1508919000.0,-601043000.0,,-82893000.0,-82893000.0,5100000.0,24508000.0,-236960000.0,71791000.0,-139557000.0,-615225000.0,-82893000.0,-40348000.0,,336169000.0,375824000.0,7650000.0,38518000.0,-31393000.0,427396000.0,-248309000.0,,2297896000.0,-82893000.0,-0.02962576411668494,,,171673000.0,-174015000.0,-26632000.0,,,,,,,,,
2018Q1,88806000.0,21312864000.0,7201131000.0,,320274000.0,28513995000.0,4076035000.0,248034000.0,2522681000.0,2484545000.0,602415000.0,5854629000.0,5329454000.0,2916014000.0,,17697938000.0,798996000.0,12420961000.0,9983947000.0,7112325000.0,1260828000.0,2161526000.0,15912305000.0,984105000.0,617465000.0,,,177588000.0,,124655000.0,297253000.0,631501000.0,318982000.0,318982000.0,15266000.0,-274022000.0,,,,52933000.0,2189154000.0,1870172000.0,1557653000.0,-141394000.0,,124655000.0,124655000.0,,6169000.0,-217938000.0,-1651123000.0,-1991753000.0,-55449000.0,124655000.0,-1698968000.0,,510723000.0,440579000.0,7650000.0,80685000.0,-179541000.0,-139786000.0,-230365000.0,,2189154000.0,124655000.0,0.1381896043472428,,,165652000.0,-174015000.0,-50944000.0,,,,,,,,,
2021Q1,44862000.0,13835821000.0,6475656000.0,,509761000.0,20311477000.0,4000000000.0,163428000.0,2514865000.0,731924000.0,-146277000.0,13818883000.0,1820800000.0,4423403000.0,24709000.0,2302882000.0,29111000.0,1300445000.0,5041850000.0,6325357000.0,,1313353000.0,8128210000.0,,1182644000.0,,,686100000.0,,482256000.0,354310000.0,958948000.0,708336000.0,708336000.0,-103698000.0,-49276000.0,,,,203844000.0,2797122000.0,2088786000.0,1838174000.0,-22236000.0,,482256000.0,482256000.0,,32497000.0,-40035000.0,-227606000.0,-291330000.0,-2145302000.0,482256000.0,-765593000.0,,-434228000.0,93989000.0,,-2554000.0,-83215000.0,1002206000.0,-34778000.0,88000.0,2797122000.0,482256000.0,-0.06633724982961386,107068000.0,105437000.0,,-63812000.0,,-1348000.0,,,,,,,,
2021Q2,41748000.0,14563129000.0,6863437000.0,,392715000.0,21426566000.0,4000000000.0,157533000.0,2890411000.0,860980000.0,-140474000.0,14341504000.0,497529000.0,4400134000.0,24065000.0,2516136000.0,21600000.0,1314697000.0,5623180000.0,6716252000.0,,1275865000.0,8749462000.0,,1120720000.0,,,627385000.0,,447902000.0,327190000.0,889643000.0,673267000.0,673267000.0,-110814000.0,-138294000.0,,,,179483000.0,2695708000.0,2022441000.0,1806065000.0,-45882000.0,,447902000.0,447902000.0,,-9863000.0,-26425000.0,807646000.0,728719000.0,-1861700000.0,447902000.0,-1323271000.0,,-2025565000.0,92987000.0,,-50972000.0,-83215000.0,-713751000.0,-29746000.0,4288000.0,2695708000.0,447902000.0,0.029827492971410186,113500000.0,105437000.0,,-282052000.0,,-1348000.0,,,,,,,,
2021Q3,40360000.0,14474908000.0,7465068000.0,,357396000.0,21939976000.0,4000000000.0,201731000.0,3479666000.0,1215360000.0,-128098000.0,14904168000.0,548841000.0,3934066000.0,23319000.0,2051345000.0,33976000.0,1393219000.0,5496792000.0,7319271000.0,,1732806000.0,8735426000.0,,1123049000.0,,,971998000.0,,671398000.0,383134000.0,1010837000.0,1068843000.0,1068843000.0,-441140000.0,-195874000.0,,,,300600000.0,2772251000.0,1703408000.0,1761414000.0,-96845000.0,,671398000.0,671398000.0,,26592000.0,-46090000.0,-549352000.0,-621708000.0,-1644200000.0,671398000.0,51312000.0,,719110000.0,-37142000.0,,-103986000.0,-72356000.0,1993211000.0,-40621000.0,,2772251000.0,671398000.0,-0.1589067554465312,113500000.0,105437000.0,,-282052000.0,,-1348000.0,,,,,,,,
2021Q4,37592000.0,17694966000.0,7617090000.0,,593671000.0,25312056000.0,4000000000.0,346700000.0,3618430000.0,1392275000.0,-114840000.0,16772161000.0,444139000.0,4984500000.0,24291000.0,1893882000.0,47234000.0,1451001000.0,6942865000.0,7474061000.0,4565393000.0,1556908000.0,10683014000.0,,1888339000.0,,,617640000.0,,442121000.0,410066000.0,986721000.0,773620000.0,773620000.0,-196965000.0,-261306000.0,,,,175519000.0,2636255000.0,1862635000.0,1649534000.0,-155980000.0,,442121000.0,442121000.0,,60065000.0,-34468000.0,1642567000.0,1560424000.0,-1757211000.0,442121000.0,-104702000.0,,-1630658000.0,55122000.0,,-90557000.0,201257000.0,-480068000.0,-33963000.0,,2636255000.0,442121000.0,0.05269588854611773,113500000.0,105437000.0,3000000.0,-282052000.0,,-1348000.0,,,,,,,,
2021Q1,142324000.0,8836344000.0,4402095000.0,,249318000.0,13238439000.0,3094902000.0,396590000.0,688514000.0,328223000.0,618679000.0,318349000.0,1753384000.0,2479086000.0,4817000.0,388329000.0,663911000.0,8671230000.0,3173404000.0,3335735000.0,189139000.0,718508000.0,5942542000.0,15411000.0,1734000000.0,,,315959000.0,,219496000.0,185316000.0,539121000.0,412273000.0,412273000.0,-58468000.0,-98424000.0,,,,96463000.0,1641843000.0,1229570000.0,1102722000.0,-96314000.0,,219496000.0,219496000.0,158484000.0,39302000.0,130705000.0,-855780000.0,-1078600000.0,-51259000.0,219496000.0,-1585104000.0,,-637209000.0,108140000.0,,-58439000.0,-74445000.0,953958000.0,-27779000.0,1323000.0,1641843000.0,219496000.0,-0.016368787382551764,,924036000.0,9096000.0,-126013000.0,-1821594000.0,-23685000.0,,,,,,,,
2021Q2,143431000.0,9403404000.0,4561342000.0,,246108000.0,13964746000.0,3094902000.0,335517000.0,879612000.0,378577000.0,586828000.0,213520000.0,1682177000.0,2730789000.0,5008000.0,535068000.0,626762000.0,9862074000.0,2806320000.0,3493875000.0,39055000.0,626324000.0,6216389000.0,45041000.0,1821302000.0,,,337639000.0,,239536000.0,180714000.0,544967000.0,419213000.0,419213000.0,-54960000.0,-88239000.0,,,,98103000.0,1636935000.0,1217722000.0,1091968000.0,-81574000.0,,239536000.0,239536000.0,143761000.0,-1431000.0,124529000.0,423597000.0,339968000.0,67536000.0,239536000.0,-71207000.0,,-535704000.0,132578000.0,,79392000.0,-43534000.0,791281000.0,-19232000.0,69000.0,1636935000.0,239536000.0,0.043310756873651934,,924036000.0,15365000.0,-40164000.0,-1884103000.0,-36518000.0,,,,,,,,
2021Q3,144370000.0,10416730000.0,4772963000.0,,244061000.0,15189693000.0,3094902000.0,410307000.0,1093381000.0,530559000.0,584680000.0,288276000.0,1710142000.0,2557984000.0,6584000.0,807925000.0,653108000.0,10768161000.0,3033760000.0,3704557000.0,40350000.0,744082000.0,7257051000.0,78183000.0,1333737000.0,,,381681000.0,,267286000.0,194768000.0,633661000.0,498696000.0,498696000.0,-59803000.0,-126501000.0,,,,114395000.0,1643533000.0,1144837000.0,1009872000.0,-117015000.0,,267286000.0,267286000.0,-16989000.0,-18075000.0,-27334000.0,1241368000.0,1093694000.0,-116338000.0,267286000.0,27965000.0,,-1038395000.0,120268000.0,,-115782000.0,-113562000.0,833677000.0,-10345000.0,2406000.0,1643533000.0,267286000.0,-0.14048892479657715,,924036000.0,31090000.0,-92061000.0,-2111841000.0,-36518000.0,,,,,,,,
2021Q4,187741000.0,13576951000.0,4925405000.0,,312990000.0,18502356000.0,3094902000.0,329006000.0,1258436000.0,587279000.0,572067000.0,261884000.0,2663080000.0,3760146000.0,8052000.0,906750000.0,616997000.0,12797407000.0,4162116000.0,3708827000.0,41607000.0,964682000.0,9107084000.0,152522000.0,2322826000.0,,,392664000.0,,276855000.0,218187000.0,628435000.0,561774000.0,561774000.0,-151526000.0,-197075000.0,,,,115809000.0,1591178000.0,1029404000.0,962743000.0,-169110000.0,,276855000.0,276855000.0,-107985000.0,16616000.0,-143036000.0,1823164000.0,357317000.0,93375000.0,276855000.0,952938000.0,,738657000.0,165669000.0,,-154889000.0,-1347743000.0,799558000.0,-35051000.0,,1591178000.0,276855000.0,0.052917315974090995,,1028837000.0,64371000.0,-92061000.0,-397766000.0,-26043000.0,,,,,,,,
2021Q1,158816000.0,955309000.0,2942115000.0,,370125000.0,3897424000.0,2990111000.0,43859000.0,11797000.0,365978000.0,-71789000.0,29598000.0,2405717000.0,513764000.0,23912000.0,51031000.0,-71782000.0,150332000.0,2862183000.0,2086804000.0,,412607000.0,13054000.0,,24395000.0,,,-5811000.0,,-8377000.0,62688000.0,69261000.0,7276000.0,7276000.0,-703000.0,-2895000.0,,,,2566000.0,160918000.0,153642000.0,91657000.0,-13087000.0,,-8377000.0,-8377000.0,,9318000.0,-261849000.0,-27537000.0,2244021000.0,30735000.0,-8377000.0,2001089000.0,,18917000.0,12904000.0,-1069000.0,-37894000.0,-1740000.0,8691000.0,-15015000.0,2273298000.0,160918000.0,-8377000.0,-0.05845268737618836,11996000.0,696495000.0,,,,-6762000.0,,,,,,,,
2021Q2,266103000.0,1077330000.0,2957247000.0,,392955000.0,4034577000.0,2990111000.0,34137000.0,15373000.0,477894000.0,-60233000.0,27053000.0,1891662000.0,518096000.0,22466000.0,35996000.0,-60226000.0,157573000.0,2353440000.0,1460736000.0,,427641000.0,12600000.0,,20312000.0,,,12485000.0,,3576000.0,66421000.0,86300000.0,20236000.0,20236000.0,-357000.0,-16092000.0,,,,8909000.0,184286000.0,164050000.0,97986000.0,-7751000.0,,3576000.0,3576000.0,,-2941000.0,-542344000.0,-10808000.0,-1213000.0,2788000.0,3576000.0,-514055000.0,,29502000.0,13961000.0,-2810000.0,-10792000.0,1352000.0,20053000.0,-10051000.0,8243000.0,184286000.0,3576000.0,-0.053129557239275815,11996000.0,1230408000.0,,,,-6762000.0,,,,,,,,
2021Q3,295554000.0,1251515000.0,2950561000.0,,454088000.0,4202076000.0,3000154000.0,41126000.0,11637000.0,587146000.0,-73125000.0,24131000.0,1800333000.0,597395000.0,19662000.0,32839000.0,-66498000.0,157026000.0,2284688000.0,1214330000.0,,443229000.0,218000.0,,23702000.0,,,6711000.0,,-3736000.0,92291000.0,100942000.0,8869000.0,8869000.0,-218000.0,-21203000.0,,,,10447000.0,209137000.0,200268000.0,108195000.0,-2158000.0,,-3736000.0,-3736000.0,,5201000.0,-131766000.0,-18202000.0,-23873000.0,38480000.0,-3736000.0,-91329000.0,,64310000.0,26630000.0,-2810000.0,-9636000.0,94000.0,17109000.0,-11271000.0,997000.0,209137000.0,-3736000.0,-0.17371251913286212,11895000.0,1440677000.0,,,,-6762000.0,,,,,,,,
2021Q4,368880000.0,1640793000.0,2935066000.0,,515747000.0,4575859000.0,3002976000.0,32433000.0,4425000.0,895910000.0,-84230000.0,46837000.0,1584399000.0,676987000.0,42048000.0,28720000.0,-38461000.0,158311000.0,2151915000.0,716270000.0,,535083000.0,321000.0,,42083000.0,,,-826000.0,,-7212000.0,104706000.0,108029000.0,4221000.0,4221000.0,-898000.0,-2157000.0,,,,6386000.0,245867000.0,241646000.0,137838000.0,-5047000.0,,-7212000.0,-7212000.0,,3848000.0,-205514000.0,-9047000.0,-49460000.0,68014000.0,-7212000.0,-215934000.0,,39040000.0,2819000.0,-2810000.0,-66003000.0,-4052000.0,22134000.0,-5937000.0,2639000.0,245867000.0,-7212000.0,-0.5285581278246503,11895000.0,1849916000.0,,,,-39000000.0,,,,,,,,
2021Q1,813464000.0,9371482000.0,5365471000.0,,1706824000.0,14736953000.0,3805326000.0,116867000.0,1488510000.0,203859000.0,71635000.0,1172125000.0,2351690000.0,4412481000.0,399170000.0,801744000.0,182085000.0,4417409000.0,8217276000.0,4435328000.0,,3466249000.0,3045788000.0,1761926000.0,1071891000.0,,,-251579000.0,,-147703000.0,946130000.0,923294000.0,-173430000.0,-173430000.0,146860000.0,-70020000.0,,,,-103876000.0,1580694000.0,1754124000.0,657400000.0,-78149000.0,,-147703000.0,-147703000.0,,-350765000.0,-264068000.0,345427000.0,345427000.0,-31313000.0,-147703000.0,284909000.0,1573000.0,201977000.0,178375000.0,,1258813000.0,,-116972000.0,-264128000.0,3911593000.0,1580694000.0,-147703000.0,0.11593023590445206,,116679000.0,,-244037000.0,-363033000.0,,,,,,,,,
2021Q2,829870000.0,9402637000.0,9341825000.0,,1759556000.0,18744462000.0,7791185000.0,85725000.0,1593679000.0,208695000.0,-43039000.0,1074257000.0,4940478000.0,4375925000.0,463769000.0,449999000.0,65581000.0,4713172000.0,12010484000.0,8395276000.0,,4698719000.0,2938888000.0,1611275000.0,1124721000.0,,,209344000.0,,193073000.0,1043457000.0,1468746000.0,260822000.0,260822000.0,160228000.0,-82741000.0,,,,16271000.0,2489104000.0,2228282000.0,1020358000.0,-51478000.0,,193073000.0,193073000.0,,14864000.0,-230291000.0,-542756000.0,3124800000.0,134433000.0,193073000.0,2588788000.0,-5824000.0,-299897000.0,189872000.0,,-1018365000.0,,-115674000.0,-230477000.0,3911593000.0,2489104000.0,193073000.0,-0.07398850287512482,,116679000.0,,-244037000.0,140577000.0,,,,,,,,,
2021Q3,876523000.0,9965146000.0,9497615000.0,,1996886000.0,19462761000.0,7792835000.0,174174000.0,1651163000.0,241900000.0,53617000.0,1095714000.0,5276525000.0,5408443000.0,430030000.0,944116000.0,162237000.0,4793105000.0,12473226000.0,8396899000.0,,4812287000.0,2425184000.0,1696046000.0,1389226000.0,,,189283000.0,,171956000.0,1087906000.0,1515079000.0,207669000.0,207669000.0,216074000.0,-97764000.0,,,,17327000.0,2626014000.0,2418345000.0,1110935000.0,-18386000.0,,171956000.0,171956000.0,,252856000.0,-282686000.0,-177660000.0,-176842000.0,154574000.0,171956000.0,336047000.0,3546000.0,792029000.0,201689000.0,,-250859000.0,,278832000.0,-186588000.0,818000.0,2626014000.0,171956000.0,-0.19730276885978149,,224193000.0,,,-89667000.0,,,,,,,,,
2021Q4,983677000.0,11605364000.0,9806621000.0,,2196132000.0,21411985000.0,8978349000.0,165448000.0,739901000.0,275200000.0,88371000.0,1134518000.0,5489417000.0,7954100000.0,457537000.0,2085974000.0,196991000.0,5085047000.0,13984780000.0,8598981000.0,458085000.0,6262270000.0,1381128000.0,1609560000.0,1762233000.0,,,492805000.0,,415786000.0,1308295000.0,2265259000.0,448777000.0,448777000.0,504239000.0,-118033000.0,,,,77019000.0,3875744000.0,3426967000.0,1610485000.0,44028000.0,,415786000.0,415786000.0,,255056000.0,-252770000.0,-59905000.0,-55586000.0,565597000.0,415786000.0,212892000.0,-243000.0,521491000.0,214794000.0,,-1648983000.0,,294520000.0,-252770000.0,4319000.0,3875744000.0,415786000.0,-0.14272151243570164,,223963000.0,,,93586000.0,,,,,,,,,
2021Q1,2006141000.0,15339865000.0,7270693000.0,,2217083000.0,22610558000.0,5952282000.0,183577000.0,1833531000.0,1452981000.0,-515120000.0,1821092000.0,639869000.0,10872676000.0,128343000.0,45655000.0,428375000.0,3780570000.0,14620966000.0,5264552000.0,745394000.0,6243683000.0,822294000.0,6808443000.0,7070516000.0,,,346935000.0,,258640000.0,1645762000.0,2070102000.0,174989000.0,174989000.0,37218000.0,-63728000.0,,,,88295000.0,8252813000.0,8077824000.0,6182711000.0,171946000.0,,258640000.0,258640000.0,,-1525136000.0,-197712000.0,-77907000.0,-356618000.0,140945000.0,258640000.0,-1041507000.0,,-487177000.0,178326000.0,,1700633000.0,-78916000.0,-57536000.0,-94686000.0,3981250000.0,8252813000.0,258640000.0,-0.15182710731031046,,,381789000.0,-146133000.0,-900484000.0,-199795000.0,,,,,,,,
2021Q2,2141924000.0,17800578000.0,7265611000.0,,2388481000.0,25066189000.0,5952282000.0,236727000.0,1798874000.0,1442383000.0,-485545000.0,2113041000.0,1288341000.0,11413170000.0,270753000.0,11990000.0,350636000.0,4406399000.0,15993091000.0,5123687000.0,468466000.0,6502691000.0,2319897000.0,7496866000.0,8241821000.0,,,30733000.0,,95537000.0,1867058000.0,2308269000.0,208707000.0,208707000.0,-4980000.0,-90811000.0,,,,-64804000.0,9013308000.0,8804601000.0,6705039000.0,-177974000.0,,95537000.0,95537000.0,,1197639000.0,-335389000.0,597486000.0,118955000.0,448821000.0,95537000.0,648472000.0,,864906000.0,204702000.0,,-209042000.0,-128115000.0,22129000.0,-210346000.0,3981250000.0,9013308000.0,95537000.0,0.00991379466499076,,,411734000.0,-146133000.0,-686502000.0,-204283000.0,,,,,,,,
2021Q3,2697674000.0,19676961000.0,10872539000.0,,3302649000.0,30549500000.0,9852497000.0,241657000.0,1942390000.0,1279426000.0,-922348000.0,2728160000.0,751223000.0,13344801000.0,470702000.0,12412000.0,352790000.0,4795134000.0,19874006000.0,8174865000.0,1354190000.0,9400593000.0,2339623000.0,8126343000.0,9177531000.0,,,-114026000.0,,143516000.0,1805285000.0,1734133000.0,-148594000.0,-148594000.0,-162079000.0,-99537000.0,,,,-257542000.0,8612033000.0,8760627000.0,6877900000.0,34568000.0,,143516000.0,143516000.0,,929508000.0,-492137000.0,-169010000.0,3286908000.0,-391216000.0,143516000.0,-537118000.0,,-3331889000.0,207801000.0,,-2703475000.0,-158698000.0,26695000.0,-324245000.0,3981250000.0,8612033000.0,143516000.0,-0.37385321755108647,,,454526000.0,,-1036509000.0,-366634000.0,,,,,,,,
2021Q4,2054836000.0,27123385000.0,11261231000.0,,3939478000.0,38384616000.0,12352498000.0,402821000.0,1994107000.0,2460448000.0,-3085374000.0,3858728000.0,2566218000.0,15257189000.0,915111000.0,407968000.0,-1636215000.0,5301711000.0,24509810000.0,6954644000.0,1556371000.0,10872186000.0,6384904000.0,9112214000.0,10098944000.0,,,-482051000.0,,92968000.0,2087978000.0,2374301000.0,-122089000.0,-122089000.0,126342000.0,-143572000.0,,,,-575019000.0,9399996000.0,9522085000.0,7025695000.0,-359962000.0,,92968000.0,92968000.0,,577404000.0,-292165000.0,3888233000.0,3517476000.0,-499868000.0,92968000.0,1814995000.0,,-1410316000.0,95730000.0,,-776892000.0,-91318000.0,-267847000.0,-233772000.0,,9399996000.0,92968000.0,-0.5078388258221755,,2251751000.0,407780000.0,,-299653000.0,-279439000.0,,,,,,,,
2021Q1,6631505000.0,37745450000.0,2322494000.0,1643646000.0,3281348000.0,41711590000.0,8204391000.0,248395000.0,557996000.0,1127647000.0,-6439893000.0,5468657000.0,1563156000.0,14401555000.0,1664309000.0,7519485000.0,-6238263000.0,8715813000.0,18894225000.0,-6244256000.0,9493800000.0,3914541000.0,21674095000.0,3562968000.0,2548054000.0,,,508436000.0,1643646000.0,279370000.0,911613000.0,2249882000.0,1243149000.0,1243149000.0,95120000.0,-419380000.0,,,,2101000.0,17235826000.0,15992677000.0,14985944000.0,-734713000.0,,506335000.0,279370000.0,-18884000.0,-531290000.0,-396417000.0,-1057260000.0,-1207834000.0,-1199452000.0,279370000.0,-700493000.0,1118318000.0,-214560000.0,368036000.0,,367197000.0,-143397000.0,955258000.0,-395924000.0,1098000.0,17235826000.0,279370000.0,0.22127014350094698,,1935245000.0,66145000.0,,-515292000.0,-7177000.0,,,,,,,,
2021Q2,5720483000.0,37837694000.0,4185629000.0,1683249000.0,3808029000.0,43706572000.0,8204391000.0,339552000.0,2225418000.0,1104412000.0,-6244180000.0,5769549000.0,1611197000.0,16650372000.0,1326172000.0,8509557000.0,-5900082000.0,8338759000.0,22111036000.0,-3230658000.0,11875123000.0,4399810000.0,19611978000.0,3810767000.0,2784709000.0,,,3503087000.0,1683249000.0,1737639000.0,964597000.0,4508734000.0,3455496000.0,3455496000.0,88641000.0,-1008992000.0,,,,1126686000.0,20573673000.0,17118177000.0,16064939000.0,47591000.0,,2376401000.0,1737639000.0,-18884000.0,622833000.0,-454478000.0,1743714000.0,1084132000.0,588919000.0,1737639000.0,2446864000.0,-1226166000.0,3043376000.0,374740000.0,,-1047552000.0,-517114000.0,1216006000.0,-433580000.0,1098000.0,20573673000.0,1737639000.0,0.10771769318970237,,1695804000.0,70941000.0,,-609443000.0,-142468000.0,,,,,,,,
2021Q3,6043508000.0,40435981000.0,4866932000.0,1806895000.0,3823644000.0,47109808000.0,8204391000.0,362726000.0,2942597000.0,1201118000.0,-6280056000.0,4580636000.0,2979221000.0,16545159000.0,1012034000.0,7396894000.0,-5937056000.0,9076898000.0,25488857000.0,-3021408000.0,12557550000.0,5287198000.0,22212904000.0,4224106000.0,3097978000.0,,,2995853000.0,1806895000.0,1675243000.0,1067143000.0,5415148000.0,4271895000.0,4271895000.0,76110000.0,-440000000.0,,,,553730000.0,23637794000.0,19365899000.0,18222646000.0,-1276042000.0,,2442123000.0,1675243000.0,-2500649000.0,107943000.0,-3031197000.0,-1246959000.0,-2988142000.0,404520000.0,1675243000.0,-809074000.0,488320000.0,4721945000.0,384488000.0,,426173000.0,-1742281000.0,2321739000.0,-529269000.0,1098000.0,23637794000.0,1675243000.0,0.217865145259988,,1844832000.0,75077000.0,,-181802000.0,-507875000.0,,,,,,,,
2021Q4,6038516000.0,42431535000.0,3916920000.0,1654803000.0,3708157000.0,48003258000.0,8204391000.0,761155000.0,2762558000.0,1217895000.0,-7050029000.0,4441181000.0,1759482000.0,17047662000.0,885048000.0,6977250000.0,-6199154000.0,9792535000.0,19514305000.0,-4014226000.0,6337834000.0,6195722000.0,23684548000.0,4351282000.0,3826714000.0,,,1895054000.0,1654803000.0,649746000.0,1276392000.0,5026841000.0,3661066000.0,3661066000.0,89383000.0,-497079000.0,,,,573533000.0,23941175000.0,20280109000.0,18914334000.0,-1766012000.0,,1321521000.0,649746000.0,-36946000.0,484815000.0,-783410000.0,-160480000.0,-2010490000.0,227516000.0,649746000.0,-1219739000.0,91057000.0,1483104000.0,428328000.0,,-824204000.0,-1342135000.0,1309895000.0,-745897000.0,,23941175000.0,649746000.0,-0.13537281299500348,,1892630000.0,6324091000.0,,-115426000.0,-507875000.0,,,,,,,,
2021Q1,35878000.0,24875000.0,358922000.0,15008000.0,12188000.0,398805000.0,344678000.0,7698000.0,7542000.0,2622000.0,-347000.0,14515000.0,234146000.0,21774000.0,11739000.0,728000.0,-347000.0,3382000.0,266232000.0,244247000.0,,24388000.0,479000.0,,2130000.0,,,4892000.0,15008000.0,4137000.0,15413000.0,20307000.0,4465000.0,4465000.0,-21000.0,-53000.0,,,,1875000.0,51810000.0,47345000.0,31503000.0,427000.0,,3017000.0,4137000.0,-118596000.0,196000.0,-103159000.0,-107000.0,-107000.0,-1601000.0,4137000.0,-97061000.0,-2595000.0,6205000.0,288000.0,-85000.0,5113000.0,-23068000.0,428000.0,-485000.0,427500000.0,51810000.0,4137000.0,0.43237007414176176,7049000.0,78797000.0,1000.0,-4349000.0,,-4985000.0,,,,,,,,
2021Q2,61902000.0,62120000.0,351577000.0,15678000.0,11928000.0,429375000.0,344678000.0,9961000.0,850000.0,37183000.0,-1000000.0,17176000.0,194117000.0,24646000.0,13969000.0,291000.0,-1000000.0,3154000.0,235151000.0,177684000.0,,31073000.0,291000.0,,4887000.0,,,-7078000.0,15678000.0,-6692000.0,19575000.0,12170000.0,-7980000.0,-7980000.0,-171000.0,-58000.0,,,,-2420000.0,54521000.0,62501000.0,42351000.0,902000.0,,-4658000.0,-6692000.0,118596000.0,2759000.0,-21835000.0,-689000.0,-5038000.0,-3019000.0,-6692000.0,-40029000.0,-2595000.0,-13156000.0,542000.0,-85000.0,-4709000.0,-23068000.0,-870000.0,-77000.0,427500000.0,54521000.0,-6692000.0,0.5957499033653457,7049000.0,111991000.0,1000.0,-4349000.0,,-4985000.0,,,,,,,,
2021Q3,60001000.0,96883000.0,713849000.0,15521000.0,12754000.0,826253000.0,772178000.0,5770000.0,-3689000.0,66228000.0,-54640000.0,38003000.0,570982000.0,29430000.0,23724000.0,303000.0,-49655000.0,6415000.0,620739000.0,552754000.0,,43987000.0,227000.0,,4764000.0,,,-5036000.0,15521000.0,-4539000.0,18201000.0,7744000.0,-10802000.0,-10802000.0,-1192000.0,-4000.0,,,,-2086000.0,58727000.0,69529000.0,50983000.0,5766000.0,,-2950000.0,-4539000.0,-11061000.0,-153000.0,-26110000.0,-268000.0,398863000.0,10141000.0,-4539000.0,376865000.0,-2595000.0,6707000.0,821000.0,-85000.0,-986000.0,-23068000.0,2596000.0,-1970000.0,427500000.0,58727000.0,-4539000.0,-0.6078371221021226,-9508000.0,101094000.0,1000.0,-316000.0,,-4985000.0,,,,,,,,
2021Q4,69903000.0,207346000.0,678908000.0,16575000.0,72936000.0,902829000.0,772178000.0,36825000.0,-34403000.0,108498000.0,-58867000.0,43890000.0,514749000.0,97855000.0,39282000.0,305000.0,-47878000.0,7812000.0,667116000.0,494898000.0,,115542000.0,152000.0,,6953000.0,,,-44103000.0,16575000.0,-30714000.0,19858000.0,-1755000.0,-43729000.0,-43729000.0,20282000.0,-194000.0,,,,-14360000.0,98428000.0,142157000.0,100183000.0,-374000.0,,-29743000.0,-30714000.0,11061000.0,2191000.0,-17228000.0,-262000.0,-6630000.0,32217000.0,-30714000.0,-56233000.0,168000.0,-32543000.0,838000.0,-85000.0,-35060000.0,-364000.0,65000.0,-1815000.0,,98428000.0,-30714000.0,-0.33489463071307035,,114107000.0,1000.0,,,-6004000.0,,,,,,,,
2021Q1,138128000.0,17188656000.0,1013836000.0,,2310172000.0,18202492000.0,1371354000.0,,789463000.0,284930000.0,-1146981000.0,717158000.0,6410132000.0,6485612000.0,432671000.0,1411075000.0,-904213000.0,4287256000.0,12343346000.0,209478000.0,,4190751000.0,10383739000.0,1742463000.0,2472755000.0,,,270937000.0,,259546000.0,549317000.0,943925000.0,391919000.0,391919000.0,2689000.0,-248675000.0,,,,11391000.0,5803374000.0,5411455000.0,4859449000.0,-120982000.0,,259546000.0,259546000.0,-29000000.0,128162000.0,-73415000.0,-1300665000.0,-1312287000.0,768762000.0,259546000.0,18703000.0,354167000.0,1050238000.0,80123000.0,,-610695000.0,-19240000.0,831300000.0,-42540000.0,7618000.0,5803374000.0,259546000.0,0.07601621556450744,,666230000.0,50374000.0,-19240000.0,-357085000.0,,,,,,,,,
2021Q2,129386000.0,17204741000.0,422925000.0,,2117746000.0,17627666000.0,1371421000.0,,530428000.0,273009000.0,-1478924000.0,709369000.0,6341953000.0,7504130000.0,428449000.0,2255827000.0,-1236156000.0,4044254000.0,12061519000.0,-339149000.0,,3850091000.0,9395345000.0,1869475000.0,2817246000.0,,,137637000.0,,116670000.0,596046000.0,1043291000.0,459908000.0,459908000.0,-12663000.0,-234546000.0,,,,20967000.0,6287817000.0,5827909000.0,5244526000.0,-322271000.0,,116670000.0,116670000.0,-15636000.0,344491000.0,-69451000.0,173926000.0,-209435000.0,-168194000.0,116670000.0,-68179000.0,-272936000.0,483643000.0,75641000.0,,341748000.0,-19240000.0,-118003000.0,-64898000.0,80000.0,6287817000.0,116670000.0,-0.09331312518901458,,632688000.0,50450000.0,-364201000.0,-109795000.0,,,,,,,,,
2021Q3,154546000.0,19910188000.0,483053000.0,,1838181000.0,20393241000.0,1371484000.0,,603187000.0,280890000.0,-1491618000.0,641117000.0,8030709000.0,7560328000.0,435065000.0,1806920000.0,-1248850000.0,4387043000.0,14491544000.0,-324474000.0,,4140269000.0,12038810000.0,2320566000.0,3542597000.0,,,84819000.0,,72374000.0,712883000.0,1256261000.0,549095000.0,549095000.0,-5717000.0,-262785000.0,,,,12445000.0,7368241000.0,6819146000.0,6111980000.0,-464276000.0,,72374000.0,72374000.0,-15636000.0,725351000.0,-194888000.0,900482000.0,900555000.0,-230384000.0,72374000.0,1688756000.0,571062000.0,412027000.0,90106000.0,,-506122000.0,,453662000.0,-161562000.0,73000.0,7368241000.0,72374000.0,0.09895830953286855,,652981000.0,66010000.0,,-484130000.0,,,,,,,,,
2021Q4,168805000.0,19415331000.0,654131000.0,,1682758000.0,20069462000.0,1616138000.0,,553865000.0,231400000.0,-1515872000.0,692974000.0,7302009000.0,7238370000.0,415665000.0,1488416000.0,-1273104000.0,4581352000.0,13767100000.0,-174064000.0,,3881837000.0,11916289000.0,2583254000.0,3724242000.0,,,92214000.0,,150289000.0,765905000.0,1401547000.0,635821000.0,635821000.0,-179000.0,-267890000.0,,,,-58075000.0,7505928000.0,6870107000.0,6104381000.0,-543607000.0,,150289000.0,150289000.0,-19700000.0,181645000.0,-230767000.0,-1455596000.0,-1351213000.0,-188593000.0,150289000.0,-728700000.0,204527000.0,648753000.0,90498000.0,,130449000.0,,467055000.0,-198902000.0,304383000.0,7505928000.0,150289000.0,0.07450237410663108,,659390000.0,199841000.0,,-242710000.0,,,,,,,,,
2021Q1,170507000.0,12749051000.0,5740880000.0,317277000.0,2312313000.0,18807208000.0,4615171000.0,478095000.0,954092000.0,4781097000.0,171617000.0,8776368000.0,1141643000.0,4080015000.0,,957097000.0,172005000.0,584658000.0,8817655000.0,5570373000.0,1123790000.0,2044442000.0,3819719000.0,3924060000.0,539140000.0,,,180164000.0,317277000.0,136670000.0,268610000.0,444781000.0,163169000.0,163169000.0,13002000.0,-16708000.0,,,,33614000.0,1597936000.0,1434767000.0,1153155000.0,16995000.0,,146550000.0,136670000.0,272665000.0,92930000.0,-103704000.0,245968000.0,143486000.0,-191067000.0,136670000.0,60938000.0,9765000.0,11391000.0,23813000.0,5033000.0,-104875000.0,-8163000.0,75578000.0,-48727000.0,5747000.0,1597936000.0,136670000.0,-0.07733277839250452,,,458020000.0,-100000000.0,-66185000.0,-66000.0,,,,,,,,
2021Q2,170387000.0,12977652000.0,5800166000.0,348238000.0,2282053000.0,19126056000.0,4615171000.0,581191000.0,1079397000.0,4871766000.0,105598000.0,8673546000.0,1142278000.0,4059035000.0,,906286000.0,105986000.0,579662000.0,9172264000.0,5629779000.0,1275245000.0,2035700000.0,3980773000.0,4037433000.0,584423000.0,,,257583000.0,348238000.0,203014000.0,272305000.0,461860000.0,168583000.0,168583000.0,20972000.0,-23007000.0,,,,32131000.0,1816499000.0,1647916000.0,1354639000.0,89000000.0,,225452000.0,203014000.0,-188888000.0,43128000.0,-312811000.0,549329000.0,427619000.0,-160751000.0,203014000.0,635000.0,-24978000.0,-89195000.0,24558000.0,-170000.0,-212167000.0,2350000.0,17537000.0,-37699000.0,7926000.0,1816499000.0,203014000.0,-0.12455596128590529,,,530197000.0,-131986000.0,-55413000.0,-8167000.0,,,,,,,,
2021Q3,177655000.0,13294266000.0,5993849000.0,379854000.0,2494397000.0,19667969000.0,4615171000.0,569789000.0,1246253000.0,4696300000.0,132425000.0,8752249000.0,1207325000.0,4438443000.0,,958318000.0,132813000.0,589342000.0,9635458000.0,5816194000.0,1318051000.0,2253416000.0,4095565000.0,4203214000.0,665504000.0,,,267644000.0,379854000.0,165161000.0,291807000.0,488195000.0,339639000.0,339639000.0,-143251000.0,-20411000.0,,,,73179000.0,1800098000.0,1460459000.0,1311903000.0,-71995000.0,,194465000.0,165161000.0,883072000.0,90096000.0,73665000.0,-13304000.0,-11133000.0,-235575000.0,165161000.0,65047000.0,32332000.0,-29817000.0,25842000.0,-8824000.0,88122000.0,454000.0,-30625000.0,-44068000.0,1717000.0,1800098000.0,165161000.0,-0.23408573229706697,,,513265000.0,-78395000.0,-218304000.0,-8167000.0,,,,,,,,
2021Q4,177344000.0,13625461000.0,6119506000.0,479992000.0,2185843000.0,20224959000.0,4615171000.0,324190000.0,1358777000.0,5025872000.0,145558000.0,9325673000.0,947928000.0,4047431000.0,,855250000.0,145946000.0,611611000.0,9582389000.0,5942162000.0,1492808000.0,2388109000.0,4478103000.0,4319247000.0,716428000.0,,,474681000.0,479992000.0,300096000.0,312977000.0,446208000.0,114208000.0,114208000.0,19023000.0,-34448000.0,,,,138473000.0,1903867000.0,1789659000.0,1457659000.0,360473000.0,,336208000.0,300096000.0,745990000.0,54657000.0,-11876000.0,28302000.0,-64986000.0,339158000.0,300096000.0,-259397000.0,-9379000.0,-173156000.0,20987000.0,-2093000.0,-176515000.0,-6726000.0,-841947000.0,-48526000.0,,1903867000.0,300096000.0,0.058112586937914434,,,527942000.0,-78395000.0,-50547000.0,-8167000.0,,,,,,,,
2021Q2,63887000.0,4333313000.0,6378844000.0,3242000.0,421784000.0,10715399000.0,2988062000.0,83132000.0,2639870000.0,265543000.0,41137000.0,8227374000.0,1133792000.0,1192793000.0,20151000.0,664757000.0,201018000.0,144682000.0,1819607000.0,6003026000.0,,548438000.0,2874977000.0,54245000.0,106252000.0,,,121599000.0,3242000.0,93777000.0,54907000.0,214925000.0,135433000.0,135433000.0,6682000.0,-32643000.0,,,,27806000.0,287751000.0,152318000.0,72826000.0,-13834000.0,,93793000.0,93777000.0,-51000.0,11329000.0,-150652000.0,56221000.0,20605000.0,-27436000.0,93777000.0,-46211000.0,,83836000.0,49435000.0,8237000.0,-97714000.0,-35616000.0,75673000.0,183000.0,,287751000.0,93777000.0,-0.08058753986118505,709775000.0,311931000.0,147918000.0,-237048000.0,-20810000.0,-21361000.0,,90396000.0,,,,,,
2021Q3,64802000.0,4451939000.0,6462264000.0,2771000.0,409566000.0,10916974000.0,2988062000.0,88744000.0,2739534000.0,680538000.0,24263000.0,8407969000.0,1177614000.0,877021000.0,21068000.0,329193000.0,197398000.0,142439000.0,1861287000.0,6089415000.0,,539222000.0,2852121000.0,55707000.0,138262000.0,,,141079000.0,2771000.0,99404000.0,52329000.0,231959000.0,166243000.0,166243000.0,1160000.0,-44668000.0,,,,42144000.0,309888000.0,143645000.0,77929000.0,-25164000.0,,98935000.0,99404000.0,-13628000.0,20163000.0,-133132000.0,-17352000.0,-62407000.0,-175000.0,99404000.0,43822000.0,,239361000.0,47404000.0,8385000.0,-19098000.0,-23694000.0,128027000.0,-3131000.0,,309888000.0,99404000.0,-0.1332093236930999,710405000.0,308047000.0,132430000.0,-237048000.0,-11514000.0,-21361000.0,,91508000.0,,,,,,
2021Q4,65502000.0,4299267000.0,6360383000.0,2810000.0,491214000.0,10662460000.0,2988062000.0,326448000.0,2658231000.0,601221000.0,3531000.0,8471213000.0,553793000.0,1058157000.0,21478000.0,429509000.0,198366000.0,147811000.0,1535087000.0,5991451000.0,,588409000.0,2594203000.0,66437000.0,137377000.0,,,164955000.0,2810000.0,213610000.0,73488000.0,325063000.0,245069000.0,245069000.0,-8585000.0,-74611000.0,,,,-48694000.0,421390000.0,176321000.0,96327000.0,-80114000.0,,213649000.0,213610000.0,-211041000.0,8294000.0,-406629000.0,-153293000.0,-499582000.0,2603000.0,213610000.0,-623821000.0,,282390000.0,57815000.0,816000.0,-98763000.0,-81891000.0,134004000.0,2197000.0,,421390000.0,213610000.0,0.08064357345807682,710559000.0,303430000.0,139417000.0,-237048000.0,-8248000.0,-27350000.0,,99087000.0,,,,,,
2022Q1,67113000.0,4261490000.0,6481756000.0,99000.0,485826000.0,10743345000.0,2988062000.0,588068000.0,2829320000.0,574378000.0,-46185000.0,8507589000.0,426824000.0,1072441000.0,37590000.0,478434000.0,207129000.0,144773000.0,1584582000.0,6111213000.0,,522572000.0,2570412000.0,47118000.0,108181000.0,,,188808000.0,99000.0,171579000.0,61630000.0,320980000.0,242320000.0,242320000.0,1560000.0,-78403000.0,,,,17202000.0,417616000.0,175296000.0,96636000.0,-53512000.0,,171606000.0,171579000.0,-237190000.0,-22800000.0,-332283000.0,-25003000.0,-114513000.0,-21310000.0,171579000.0,-126969000.0,,319827000.0,51633000.0,-11154000.0,72123000.0,-31031000.0,117834000.0,-293000.0,,417616000.0,171579000.0,0.12181916655095004,710559000.0,303430000.0,135858000.0,,11019000.0,-58479000.0,,99174000.0,,,,,,
2021Q1,4891000000.0,32850000000.0,14008000000.0,3176000000.0,2404000000.0,50034000000.0,5650000000.0,531000000.0,6251000000.0,3797000000.0,2107000000.0,8514000000.0,3891000000.0,15727000000.0,79000000.0,3082000000.0,2107000000.0,20861000000.0,13651000000.0,8316000000.0,,2454000000.0,5873000000.0,6775000000.0,7763000000.0,,,35000000.0,3176000000.0,113000000.0,2356000000.0,3245000000.0,421000000.0,421000000.0,-20000000.0,-246000000.0,,,,-92000000.0,12452000000.0,12031000000.0,9207000000.0,-386000000.0,-1000000.0,127000000.0,113000000.0,,-3719000000.0,-413000000.0,-943000000.0,-974000000.0,-137000000.0,113000000.0,-4820000000.0,65000000.0,-3498000000.0,498000000.0,-93000000.0,51000000.0,5000000.0,89000000.0,-270000000.0,6000000.0,12452000000.0,113000000.0,0.5824899877600302,,801000000.0,1316000000.0,-36000000.0,-151000000.0,,,,,,,,,
2021Q2,4431000000.0,32114000000.0,12678000000.0,2723000000.0,1768000000.0,47515000000.0,5856000000.0,535000000.0,6137000000.0,3510000000.0,685000000.0,7807000000.0,4925000000.0,14545000000.0,84000000.0,2733000000.0,685000000.0,19022000000.0,14287000000.0,7523000000.0,,2615000000.0,7070000000.0,6212000000.0,7711000000.0,,,65000000.0,2723000000.0,2000000.0,2175000000.0,3011000000.0,300000000.0,300000000.0,60000000.0,-288000000.0,,,,35000000.0,11879000000.0,11579000000.0,8868000000.0,-235000000.0,-1000000.0,30000000.0,2000000.0,,718000000.0,-256000000.0,655000000.0,32000000.0,-167000000.0,2000000.0,1034000000.0,-336000000.0,1594000000.0,486000000.0,2000000.0,77000000.0,1000000.0,281000000.0,-213000000.0,6000000.0,11879000000.0,2000000.0,-0.09648767684530457,,724000000.0,1244000000.0,-630000000.0,134000000.0,,,,,,,,,
2021Q3,4671000000.0,32535000000.0,13255000000.0,2905000000.0,1967000000.0,48695000000.0,5858000000.0,499000000.0,6114000000.0,3661000000.0,1283000000.0,8011000000.0,4526000000.0,14291000000.0,305000000.0,2429000000.0,1283000000.0,19670000000.0,14256000000.0,7801000000.0,,2646000000.0,7647000000.0,6585000000.0,7586000000.0,,,-273000000.0,2905000000.0,-89000000.0,2233000000.0,2968000000.0,123000000.0,123000000.0,161000000.0,-333000000.0,,,,-237000000.0,12084000000.0,11961000000.0,9116000000.0,-396000000.0,-1000000.0,-36000000.0,-89000000.0,,-425000000.0,-132000000.0,-396000000.0,-465000000.0,81000000.0,-89000000.0,-399000000.0,82000000.0,116000000.0,483000000.0,91000000.0,-99000000.0,,98000000.0,-251000000.0,2000000.0,12084000000.0,-89000000.0,-0.2744789571580627,,783000000.0,1304000000.0,-71000000.0,-172000000.0,,,,,,,,,
2021Q4,4583000000.0,33063000000.0,13649000000.0,2731000000.0,2554000000.0,49443000000.0,5859000000.0,1457000000.0,6926000000.0,3708000000.0,864000000.0,8220000000.0,8274000000.0,16550000000.0,581000000.0,1652000000.0,865000000.0,16785000000.0,17872000000.0,8337000000.0,,2884000000.0,7582000000.0,5257000000.0,10078000000.0,,,542000000.0,2731000000.0,776000000.0,2589000000.0,3726000000.0,1038000000.0,1038000000.0,-339000000.0,-369000000.0,,,,-300000000.0,14876000000.0,13838000000.0,11150000000.0,-496000000.0,-1000000.0,842000000.0,776000000.0,,2743000000.0,724000000.0,-1294000000.0,-1336000000.0,109000000.0,776000000.0,3748000000.0,-156000000.0,4516000000.0,436000000.0,,-169000000.0,,-851000000.0,-301000000.0,1000000.0,14876000000.0,776000000.0,-0.1012775839128176,,729000000.0,1254000000.0,-43000000.0,1178000000.0,,,,,,,,,
2021Q1,77461000000.0,678038000000.0,313395000000.0,6850000000.0,18532000000.0,998283000000.0,205432000000.0,24386000000.0,128679000000.0,198602000000.0,-20716000000.0,113738000000.0,68155000000.0,124469000000.0,40807000000.0,18755000000.0,-20716000000.0,634712000000.0,153972000000.0,235809000000.0,3299000000.0,18402000000.0,267917000000.0,39730000000.0,29057000000.0,639000000.0,,3156000000.0,6850000000.0,1167000000.0,6694000000.0,44033000000.0,30792000000.0,30792000000.0,4712000000.0,-2965000000.0,,,,1880000000.0,73263000000.0,42471000000.0,29230000000.0,-27636000000.0,,1276000000.0,1167000000.0,138000000.0,3375000000.0,-7427000000.0,-24821000000.0,-30822000000.0,-2160000000.0,1167000000.0,7229000000.0,5408000000.0,40070000000.0,16297000000.0,366000000.0,-479000000.0,-6001000000.0,33300000000.0,-8985000000.0,,73263000000.0,1167000000.0,-0.0010229804360633032,,125000000.0,18275000000.0,-10282000000.0,-10793000000.0,,,,,,,,,
2021Q2,77514000000.0,579057000000.0,356052000000.0,6338000000.0,14661000000.0,941447000000.0,205432000000.0,34828000000.0,165673000000.0,186766000000.0,-15053000000.0,71879000000.0,49126000000.0,115929000000.0,2822000000.0,14313000000.0,-15053000000.0,629849000000.0,151539000000.0,278413000000.0,3013000000.0,28534000000.0,203311000000.0,36038000000.0,26677000000.0,775000000.0,,62957000000.0,6338000000.0,42855000000.0,7113000000.0,57005000000.0,48390000000.0,48390000000.0,-278000000.0,-3387000000.0,,,,19916000000.0,96798000000.0,48408000000.0,39793000000.0,14567000000.0,,43041000000.0,42855000000.0,354000000.0,-1537000000.0,-5187000000.0,-54181000000.0,-65527000000.0,-384000000.0,42855000000.0,-19029000000.0,-4879000000.0,56564000000.0,15153000000.0,731000000.0,-3103000000.0,-1064000000.0,1370000000.0,-7946000000.0,,96798000000.0,42855000000.0,-0.019524854290893234,,125000000.0,10541000000.0,-10282000000.0,2081000000.0,,,,,,,,,
2021Q3,16476000000.0,599000000000.0,369077000000.0,6612000000.0,28081000000.0,974689000000.0,205432000000.0,30886000000.0,165110000000.0,185751000000.0,-1465000000.0,77393000000.0,59394000000.0,138664000000.0,4852000000.0,18588000000.0,-1465000000.0,703868000000.0,166334000000.0,352476000000.0,2920000000.0,33557000000.0,181125000000.0,39577000000.0,29502000000.0,792000000.0,,40977000000.0,6612000000.0,31142000000.0,7529000000.0,59552000000.0,48857000000.0,48857000000.0,1678000000.0,-2093000000.0,,,,9753000000.0,106020000000.0,57163000000.0,46468000000.0,-7880000000.0,,31224000000.0,31142000000.0,137000000.0,2621000000.0,20579000000.0,-43799000000.0,-68216000000.0,7596000000.0,31142000000.0,10296000000.0,2833000000.0,55100000000.0,6962000000.0,15994000000.0,-3922000000.0,-3522000000.0,18026000000.0,-7877000000.0,,106020000000.0,31142000000.0,0.06879269596749293,,125000000.0,10493000000.0,-20895000000.0,-3052000000.0,,,,,,,,,
2021Q4,16756000000.0,583370000000.0,387329000000.0,2252000000.0,20004000000.0,972951000000.0,205432000000.0,22672000000.0,164244000000.0,171270000000.0,17653000000.0,79745000000.0,58410000000.0,134913000000.0,3371000000.0,20316000000.0,17653000000.0,699406000000.0,168247000000.0,370450000000.0,,43049000000.0,178908000000.0,40486000000.0,30597000000.0,827000000.0,,44485000000.0,2252000000.0,31504000000.0,7810000000.0,59047000000.0,49577000000.0,49577000000.0,431000000.0,-8356000000.0,,,,12762000000.0,176587000000.0,127010000000.0,117540000000.0,-5092000000.0,,31723000000.0,31504000000.0,-759000000.0,1208000000.0,3108000000.0,-12501000000.0,-55732000000.0,-28218000000.0,31504000000.0,-944000000.0,288000000.0,51392000000.0,15908000000.0,2752000000.0,-3279000000.0,-2255000000.0,4182000000.0,-9326000000.0,,176587000000.0,31504000000.0,0.1795439784259616,,123000000.0,8674000000.0,-40976000000.0,-887000000.0,,,,,,,,,
2021Q1,77461000000.0,678038000000.0,313395000000.0,6850000000.0,18532000000.0,998283000000.0,205432000000.0,24386000000.0,128679000000.0,198602000000.0,-20716000000.0,113738000000.0,68155000000.0,124469000000.0,40807000000.0,18755000000.0,-20716000000.0,634712000000.0,153972000000.0,235809000000.0,3299000000.0,18402000000.0,267917000000.0,39730000000.0,29057000000.0,639000000.0,,3156000000.0,6850000000.0,1167000000.0,6694000000.0,44033000000.0,30792000000.0,30792000000.0,4712000000.0,-2965000000.0,,,,1880000000.0,73263000000.0,42471000000.0,29230000000.0,-27636000000.0,,1276000000.0,1167000000.0,138000000.0,3375000000.0,-7427000000.0,-24821000000.0,-30822000000.0,-2160000000.0,1167000000.0,7229000000.0,5408000000.0,40070000000.0,16297000000.0,366000000.0,-479000000.0,-6001000000.0,33300000000.0,-8985000000.0,,73263000000.0,1167000000.0,-0.006723512980005175,,125000000.0,18275000000.0,-10282000000.0,-10793000000.0,,,,,,,,,
2021Q2,77514000000.0,579057000000.0,356052000000.0,6338000000.0,14661000000.0,941447000000.0,205432000000.0,34828000000.0,165673000000.0,186766000000.0,-15053000000.0,71879000000.0,49126000000.0,115929000000.0,2822000000.0,14313000000.0,-15053000000.0,629849000000.0,151539000000.0,278413000000.0,3013000000.0,28534000000.0,203311000000.0,36038000000.0,26677000000.0,775000000.0,,62957000000.0,6338000000.0,42855000000.0,7113000000.0,57005000000.0,48390000000.0,48390000000.0,-278000000.0,-3387000000.0,,,,19916000000.0,96798000000.0,48408000000.0,39793000000.0,14567000000.0,,43041000000.0,42855000000.0,354000000.0,-1537000000.0,-5187000000.0,-54181000000.0,-65527000000.0,-384000000.0,42855000000.0,-19029000000.0,-4879000000.0,56564000000.0,15153000000.0,731000000.0,-3103000000.0,-1064000000.0,1370000000.0,-7946000000.0,,96798000000.0,42855000000.0,-0.019330080059395294,,125000000.0,10541000000.0,-10282000000.0,2081000000.0,,,,,,,,,
2021Q3,16476000000.0,599000000000.0,369077000000.0,6612000000.0,28081000000.0,974689000000.0,205432000000.0,30886000000.0,165110000000.0,185751000000.0,-1465000000.0,77393000000.0,59394000000.0,138664000000.0,4852000000.0,18588000000.0,-1465000000.0,703868000000.0,166334000000.0,352476000000.0,2920000000.0,33557000000.0,181125000000.0,39577000000.0,29502000000.0,792000000.0,,40977000000.0,6612000000.0,31142000000.0,7529000000.0,59552000000.0,48857000000.0,48857000000.0,1678000000.0,-2093000000.0,,,,9753000000.0,106020000000.0,57163000000.0,46468000000.0,-7880000000.0,,31224000000.0,31142000000.0,137000000.0,2621000000.0,20579000000.0,-43799000000.0,-68216000000.0,7596000000.0,31142000000.0,10296000000.0,2833000000.0,55100000000.0,6962000000.0,15994000000.0,-3922000000.0,-3522000000.0,18026000000.0,-7877000000.0,,106020000000.0,31142000000.0,0.04461683858909016,,125000000.0,10493000000.0,-20895000000.0,-3052000000.0,,,,,,,,,
2021Q4,16756000000.0,583370000000.0,387329000000.0,2252000000.0,20004000000.0,972951000000.0,205432000000.0,22672000000.0,164244000000.0,171270000000.0,17653000000.0,79745000000.0,58410000000.0,134913000000.0,3371000000.0,20316000000.0,17653000000.0,699406000000.0,168247000000.0,370450000000.0,,43049000000.0,178908000000.0,40486000000.0,30597000000.0,827000000.0,,44485000000.0,2252000000.0,31504000000.0,7810000000.0,59047000000.0,49577000000.0,49577000000.0,431000000.0,-8356000000.0,,,,12762000000.0,176587000000.0,127010000000.0,117540000000.0,-5092000000.0,,31723000000.0,31504000000.0,-759000000.0,1208000000.0,3108000000.0,-12501000000.0,-55732000000.0,-28218000000.0,31504000000.0,-944000000.0,288000000.0,51392000000.0,15908000000.0,2752000000.0,-3279000000.0,-2255000000.0,4182000000.0,-9326000000.0,,176587000000.0,31504000000.0,0.13460486441454012,,123000000.0,8674000000.0,-40976000000.0,-887000000.0,,,,,,,,,
2021Q1,570353000.0,4006523000.0,5335225000.0,,86524000.0,9341748000.0,5305772000.0,287097000.0,-1143456000.0,959062000.0,1172909000.0,319040000.0,3185031000.0,2354059000.0,258998000.0,1163692000.0,1172909000.0,3797797000.0,4097287000.0,4207601000.0,,128325000.0,281251000.0,395781000.0,119524000.0,,,-45275000.0,,-65792000.0,39129000.0,411903000.0,322840000.0,322840000.0,19942000.0,-47794000.0,,,,20517000.0,655334000.0,332494000.0,243431000.0,-368115000.0,,-65792000.0,-65792000.0,-50613000.0,-103950000.0,-376098000.0,9715000.0,1940661000.0,68675000.0,-65792000.0,2375758000.0,-26856000.0,723130000.0,103886000.0,-59341000.0,377597000.0,-47926000.0,462580000.0,-265094000.0,1978872000.0,655334000.0,-65792000.0,0.057742337320198844,,557271000.0,,,-86364000.0,-2128000.0,,,,,,,,
2021Q2,490585000.0,5082743000.0,5421757000.0,,59259000.0,10504500000.0,5303644000.0,186723000.0,-722554000.0,904091000.0,840667000.0,274118000.0,3381619000.0,905094000.0,178023000.0,150870000.0,840667000.0,3755678000.0,5517215000.0,4464268000.0,,415399000.0,2959261000.0,382438000.0,152400000.0,,,561841000.0,,420902000.0,47196000.0,553337000.0,458856000.0,458856000.0,22173000.0,-75734000.0,,,,140939000.0,1022837000.0,563981000.0,469500000.0,102985000.0,,420902000.0,420902000.0,-1059220000.0,52789000.0,-1169536000.0,1574091000.0,1399394000.0,41121000.0,420902000.0,196588000.0,-26856000.0,81651000.0,264238000.0,77760000.0,-328317000.0,-172569000.0,-283102000.0,-189898000.0,85999000.0,1022837000.0,420902000.0,0.031659797801507183,,466904000.0,,,-38145000.0,-2128000.0,,,,,,,,
2021Q3,1308008000.0,5758246000.0,5686920000.0,,534921000.0,11445166000.0,5303644000.0,174181000.0,-625450000.0,850240000.0,1008726000.0,238970000.0,1948979000.0,1225154000.0,202259000.0,49957000.0,1008726000.0,3954371000.0,5463662000.0,3898757000.0,,369240000.0,3220824000.0,384679000.0,204816000.0,,,167421000.0,,97104000.0,40686000.0,457483000.0,426940000.0,426940000.0,-38582000.0,-73082000.0,,,,70317000.0,939517000.0,512577000.0,482034000.0,-259519000.0,,97104000.0,97104000.0,-1277033000.0,37124000.0,-1856998000.0,-357038000.0,-378847000.0,24192000.0,97104000.0,-1432640000.0,93678000.0,709527000.0,208104000.0,12107000.0,54634000.0,-21809000.0,364071000.0,-216370000.0,85999000.0,939517000.0,97104000.0,0.32585167976440044,,480155000.0,,,-18551000.0,,,,,,,,,
2021Q4,1275156000.0,5601167000.0,6620249000.0,,501667000.0,12221416000.0,5303644000.0,226748000.0,255381000.0,720335000.0,1061224000.0,397883000.0,970681000.0,1085997000.0,378679000.0,553000.0,1061224000.0,3974912000.0,6106295000.0,4877923000.0,,1001385000.0,3307368000.0,217536000.0,292204000.0,,,815134000.0,,880832000.0,60699000.0,1050435000.0,965907000.0,965907000.0,-3601000.0,-67144000.0,,,,-65698000.0,1778315000.0,812408000.0,727880000.0,-150773000.0,,880832000.0,880832000.0,-1074534000.0,77707000.0,-1340688000.0,-147771000.0,-333779000.0,-93901000.0,880832000.0,-978298000.0,26741000.0,669428000.0,305043000.0,168000.0,-607495000.0,-272007000.0,119093000.0,-272302000.0,85999000.0,1778315000.0,880832000.0,-0.03295884056066045,,467170000.0,,,55178000.0,,,,,,,,,
2021Q1,62337000.0,1407649000.0,544419000.0,,28534000.0,1952068000.0,409041000.0,43972000.0,54128000.0,1547000.0,81250000.0,39473000.0,361221000.0,677952000.0,27292000.0,214230000.0,81250000.0,994297000.0,855961000.0,482082000.0,,235995000.0,168901000.0,214773000.0,215391000.0,,,12001000.0,,7837000.0,184745000.0,215179000.0,25209000.0,25209000.0,5193000.0,-17776000.0,,,,4164000.0,454156000.0,428947000.0,238977000.0,-13208000.0,,7837000.0,7837000.0,12063000.0,26633000.0,-46789000.0,-79997000.0,-58206000.0,2225000.0,7837000.0,-82536000.0,,22459000.0,39388000.0,27663000.0,-18864000.0,-388000.0,10305000.0,-46789000.0,21791000.0,454156000.0,7837000.0,0.09611913244761783,,,,-13865000.0,-31715000.0,,,,,,,,,
2021Q2,69063000.0,1376708000.0,557706000.0,,19693000.0,1934414000.0,409041000.0,32248000.0,67383000.0,1331000.0,81282000.0,40542000.0,234705000.0,631265000.0,24574000.0,184560000.0,81282000.0,1062796000.0,762013000.0,488643000.0,,260182000.0,145205000.0,234878000.0,227141000.0,,,26170000.0,,18255000.0,191913000.0,239640000.0,45347000.0,45347000.0,2348000.0,-17432000.0,,,,7915000.0,505786000.0,460439000.0,266146000.0,-19177000.0,,18255000.0,18255000.0,12063000.0,9750000.0,-49251000.0,-100651000.0,-114516000.0,-6863000.0,18255000.0,-126516000.0,,37251000.0,41908000.0,27663000.0,-22494000.0,-388000.0,14956000.0,-61314000.0,779068000.0,505786000.0,18255000.0,0.10185262371398052,,,,-13865000.0,-21659000.0,,,,,,,,,
2021Q3,79072000.0,1441503000.0,585296000.0,,32634000.0,2026799000.0,409041000.0,17015000.0,89752000.0,2377000.0,86503000.0,49457000.0,144846000.0,623890000.0,31009000.0,154909000.0,86503000.0,1202932000.0,695338000.0,506224000.0,,271058000.0,121509000.0,262419000.0,258681000.0,,,29673000.0,,22369000.0,199824000.0,259800000.0,48027000.0,48027000.0,6728000.0,-23027000.0,,,,7304000.0,545355000.0,497328000.0,285555000.0,-18354000.0,,22369000.0,22369000.0,-15792000.0,13655000.0,-53557000.0,-102215000.0,-102610000.0,9501000.0,22369000.0,-89859000.0,,66308000.0,45296000.0,27663000.0,-9441000.0,-388000.0,8328000.0,-65428000.0,779068000.0,545355000.0,22369000.0,-0.17837393010418057,,,,-7000.0,-28983000.0,,,,,,,,,
2021Q4,456930000.0,1688091000.0,1759256000.0,,49053000.0,3447347000.0,1578065000.0,14532000.0,102005000.0,93290000.0,79186000.0,72460000.0,673672000.0,699604000.0,39287000.0,128268000.0,79186000.0,1388010000.0,1362704000.0,1135083000.0,,339976000.0,97813000.0,334524000.0,323855000.0,,,27017000.0,,26575000.0,228814000.0,298247000.0,37686000.0,37686000.0,23930000.0,-23779000.0,,,,442000.0,592228000.0,554542000.0,293981000.0,-10669000.0,,26575000.0,26575000.0,35914000.0,39432000.0,-163059000.0,-104402000.0,652709000.0,1620000.0,26575000.0,528826000.0,,39176000.0,49264000.0,-27663000.0,-22231000.0,-21957000.0,4940000.0,-98790000.0,779068000.0,592228000.0,26575000.0,-0.16616641048866554,,167243000.0,,,-42970000.0,,,,,,,,,
2021Q1,40698000.0,1854434000.0,1085753000.0,12099000.0,230170000.0,2952286000.0,742700000.0,98044000.0,265594000.0,87903000.0,77459000.0,338029000.0,525485000.0,1321117000.0,761000.0,348203000.0,89377000.0,86550000.0,2337087000.0,990535000.0,,878554000.0,416008000.0,821237000.0,611338000.0,,,56572000.0,12099000.0,54882000.0,114952000.0,156761000.0,40442000.0,40442000.0,1367000.0,-14806000.0,,,,815000.0,676470000.0,636028000.0,519709000.0,16130000.0,,55757000.0,54882000.0,-1000000.0,67038000.0,-9892000.0,24384000.0,19961000.0,-60377000.0,54882000.0,-18677000.0,-1631000.0,-27115000.0,3916000.0,,56918000.0,-4723000.0,12051000.0,-4857000.0,699000.0,676470000.0,54882000.0,1.6549322669889603,,54520000.0,95402000.0,-399000.0,-181548000.0,-5133000.0,,,,,,,,
2021Q2,35377000.0,2018877000.0,1098108000.0,8390000.0,274836000.0,3125375000.0,742700000.0,48943000.0,316143000.0,77862000.0,39265000.0,340931000.0,496452000.0,1511388000.0,903000.0,363845000.0,54483000.0,91159000.0,2512097000.0,1008808000.0,,918241000.0,398510000.0,1048461000.0,701895000.0,,,52972000.0,8390000.0,51220000.0,129812000.0,203705000.0,103328000.0,103328000.0,-29435000.0,-21650000.0,,,,1429000.0,785892000.0,682564000.0,582187000.0,-50356000.0,,51543000.0,51220000.0,-2038000.0,122588000.0,-14333000.0,12884000.0,-12390000.0,-23117000.0,51220000.0,-29033000.0,2106000.0,-4416000.0,4560000.0,,-15681000.0,-5286000.0,58271000.0,-11377000.0,882000.0,785892000.0,51220000.0,-0.03992424187998711,,53923000.0,91888000.0,-15737000.0,-234300000.0,-5133000.0,,,,,,,,
2021Q3,34984000.0,2124791000.0,1187044000.0,8540000.0,231726000.0,3320375000.0,742700000.0,85188000.0,369657000.0,88997000.0,74687000.0,339553000.0,388751000.0,1660665000.0,1489000.0,325233000.0,96188000.0,94712000.0,2702192000.0,1098733000.0,,819776000.0,346318000.0,1406434000.0,921186000.0,,,54941000.0,8540000.0,53592000.0,128860000.0,197800000.0,71962000.0,71962000.0,-3022000.0,-26047000.0,,,,1199000.0,828794000.0,756832000.0,630994000.0,-17021000.0,,53742000.0,53592000.0,-10463000.0,208213000.0,-13215000.0,-89227000.0,-105054000.0,-13913000.0,53592000.0,-107701000.0,-1068000.0,11636000.0,4969000.0,,90412000.0,-4032000.0,18953000.0,-8294000.0,102000.0,828794000.0,53592000.0,-0.21460005483808298,,53327000.0,95607000.0,-8400000.0,-370088000.0,-3497000.0,,,,,,,,
2021Q4,34264000.0,2572475000.0,1171831000.0,9830000.0,284589000.0,3754136000.0,742700000.0,58849000.0,361419000.0,107893000.0,67712000.0,339982000.0,359007000.0,1937651000.0,624000.0,263441000.0,88840000.0,92894000.0,3120040000.0,1084837000.0,,1009975000.0,500406000.0,1690347000.0,1135271000.0,,,43752000.0,9830000.0,40564000.0,153662000.0,210340000.0,83259000.0,83259000.0,-26581000.0,-34984000.0,,,,1898000.0,1074331000.0,991072000.0,863991000.0,-39507000.0,,41854000.0,40564000.0,-10463000.0,262153000.0,-29594000.0,144375000.0,126047000.0,-27201000.0,40564000.0,-29744000.0,-344000.0,-125853000.0,2027000.0,,-196259000.0,14041000.0,25596000.0,-2953000.0,1688000.0,1074331000.0,40564000.0,-0.11632852540210492,,52730000.0,114226000.0,-28055000.0,-275617000.0,-6002000.0,,,,,,,,
2021Q1,733519000.0,2589654000.0,1800052000.0,4595000.0,354880000.0,4394301000.0,896558000.0,173398000.0,799982000.0,250071000.0,103512000.0,232887000.0,546545000.0,1027809000.0,92618000.0,6933000.0,108869000.0,37096000.0,1649242000.0,-674762000.0,258303000.0,670996000.0,1298982000.0,,589472000.0,,,175340000.0,4595000.0,114480000.0,215819000.0,415331000.0,190551000.0,190551000.0,-8958000.0,-10571000.0,,,,58227000.0,522988000.0,332437000.0,107657000.0,-15211000.0,,117113000.0,114480000.0,21182000.0,0.0,-75588000.0,-3481000.0,-34516000.0,40910000.0,114480000.0,127778000.0,,237882000.0,29839000.0,,-24692000.0,-99000.0,27197000.0,-2140000.0,,522988000.0,114480000.0,-0.1281588425281005,,1741295000.0,262000.0,-30936000.0,,-129920000.0,,,,,,,,
2021Q2,782468000.0,2735470000.0,1689505000.0,5246000.0,337794000.0,4430221000.0,896558000.0,194906000.0,683787000.0,189249000.0,109160000.0,230763000.0,504559000.0,2239752000.0,94008000.0,1360604000.0,110618000.0,45015000.0,1497792000.0,-834258000.0,251037000.0,547290000.0,289566000.0,,465966000.0,,,132016000.0,5246000.0,90303000.0,239348000.0,407804000.0,146354000.0,146354000.0,8202000.0,-16590000.0,,,,39423000.0,517201000.0,370847000.0,109397000.0,-14338000.0,,92593000.0,90303000.0,7266000.0,0.0,-336608000.0,347208000.0,144826000.0,-48975000.0,90303000.0,-41986000.0,,149796000.0,29026000.0,,-4062000.0,-2371000.0,20401000.0,-5952000.0,,517201000.0,90303000.0,-0.08143542927125991,,1741295000.0,132888000.0,-200011000.0,,-129920000.0,,,,,,,,
2021Q3,837926000.0,3083094000.0,1671413000.0,6696000.0,286531000.0,4761203000.0,896558000.0,222526000.0,794228000.0,199996000.0,-19373000.0,220953000.0,852192000.0,2577393000.0,84416000.0,1853042000.0,112005000.0,53037000.0,1774794000.0,-907808000.0,,449471000.0,289674000.0,,352914000.0,,,168018000.0,6696000.0,110441000.0,226399000.0,430378000.0,179602000.0,179602000.0,8070000.0,-22704000.0,,,,54907000.0,534859000.0,355257000.0,104481000.0,-11584000.0,,113111000.0,110441000.0,431000.0,0.0,-166186000.0,447628000.0,298584000.0,5844000.0,110441000.0,347633000.0,,215235000.0,27979000.0,,-25826000.0,-1455000.0,37761000.0,-11712000.0,,534859000.0,110441000.0,-0.2997746505636387,,1741295000.0,133198000.0,-17669000.0,,-129920000.0,,,,,,,,
2021Q4,881103000.0,3128532000.0,1266419000.0,8630000.0,400927000.0,4403581000.0,896558000.0,199345000.0,387868000.0,203981000.0,-18007000.0,232217000.0,449462000.0,2618127000.0,69922000.0,1055160000.0,110598000.0,55113000.0,1249373000.0,-1469396000.0,,344392000.0,289783000.0,,229039000.0,,,78977000.0,8630000.0,50588000.0,213929000.0,417168000.0,128783000.0,128783000.0,122582000.0,-31845000.0,,,,24488000.0,521500000.0,392717000.0,104332000.0,-49806000.0,,54489000.0,50588000.0,-5568000.0,0.0,-229124000.0,-2887000.0,-378622000.0,-24095000.0,50588000.0,-402730000.0,,205016000.0,28687000.0,,22356000.0,-53946000.0,85509000.0,-2632000.0,,521500000.0,50588000.0,-0.07972097453239269,,1854712000.0,131063000.0,-321789000.0,,,,,,,,,,
2021Q1,437896000.0,9662630000.0,4422738000.0,64428000.0,291335000.0,14149796000.0,2500000000.0,17125000.0,1794509000.0,546324000.0,128229000.0,517733000.0,734434000.0,4764005000.0,39070000.0,206650000.0,128229000.0,5026710000.0,7333741000.0,3159307000.0,,2012374000.0,1426168000.0,4514392000.0,3196509000.0,,,245559000.0,64428000.0,174296000.0,1338792000.0,1641852000.0,303060000.0,303060000.0,,-72922000.0,,,,69330000.0,5620051000.0,5316991000.0,3978199000.0,-57501000.0,,176229000.0,174296000.0,-14274000.0,83581000.0,-147671000.0,-165209000.0,-165249000.0,36977000.0,174296000.0,-145923000.0,,166997000.0,296536000.0,-1100000.0,-177632000.0,,25146000.0,-133863000.0,1000.0,5620051000.0,174296000.0,0.06001552475174332,,825535000.0,8181000.0,-40000.0,-291485000.0,-73228000.0,,,,,,,,
2021Q2,469881000.0,9321374000.0,4665461000.0,31428000.0,409773000.0,14018263000.0,2500000000.0,220004000.0,1997597000.0,564869000.0,32299000.0,550873000.0,266685000.0,4827509000.0,37899000.0,622706000.0,51065000.0,5131680000.0,7011312000.0,3349159000.0,,1861717000.0,934332000.0,4603133000.0,2682595000.0,,,351262000.0,31428000.0,252755000.0,1415045000.0,1797051000.0,382006000.0,382006000.0,,-74518000.0,,,,97480000.0,5868264000.0,5486258000.0,4071213000.0,-30744000.0,,253782000.0,252755000.0,-331000.0,-511746000.0,-231784000.0,-255937000.0,-339555000.0,33174000.0,252755000.0,-467749000.0,,103590000.0,305473000.0,-1100000.0,-37624000.0,,98371000.0,-230645000.0,1000.0,5868264000.0,252755000.0,-0.03669524779187339,135565000.0,846421000.0,8096000.0,-83618000.0,-91494000.0,-73228000.0,,,,,,,,
2021Q3,499520000.0,9618698000.0,4752112000.0,35375000.0,377382000.0,14406185000.0,2500000000.0,264603000.0,2152169000.0,534171000.0,-35622000.0,553575000.0,247158000.0,5155725000.0,38083000.0,630096000.0,56372000.0,5268502000.0,7230070000.0,3406171000.0,,1950611000.0,934693000.0,4717258000.0,2850605000.0,,,225516000.0,35375000.0,154532000.0,1490728000.0,1815461000.0,324733000.0,324733000.0,,-83045000.0,,,,67037000.0,6164862000.0,5840129000.0,4349401000.0,-99217000.0,,158479000.0,154532000.0,6479000.0,170165000.0,-233882000.0,-167994000.0,-241286000.0,126041000.0,154532000.0,-19527000.0,,441007000.0,320149000.0,-1100000.0,-78885000.0,,-129092000.0,-239261000.0,1000.0,6164862000.0,154532000.0,-0.08531021593472643,135565000.0,846421000.0,8097000.0,-64000.0,-114411000.0,-73228000.0,,,,,,,,
2021Q4,526483000.0,10056704000.0,4677673000.0,41129000.0,351818000.0,14775506000.0,2500000000.0,290814000.0,2072984000.0,295392000.0,-30876000.0,239914000.0,356118000.0,5896193000.0,49047000.0,613831000.0,61118000.0,5329587000.0,7718924000.0,3191422000.0,,1905834000.0,891391000.0,5117799000.0,3656607000.0,,,164926000.0,41129000.0,170351000.0,1634658000.0,1951804000.0,317146000.0,317146000.0,,-92655000.0,,,,-10718000.0,6473824000.0,6156678000.0,4522020000.0,-152220000.0,,175644000.0,170351000.0,-4510000.0,648754000.0,-272613000.0,-261442000.0,-442744000.0,48958000.0,170351000.0,108960000.0,,838951000.0,341597000.0,-17350000.0,136049000.0,,-72245000.0,-251827000.0,1000.0,6473824000.0,170351000.0,-0.02917701234203629,135565000.0,959768000.0,830000.0,-181303000.0,-399419000.0,,,,,,,,,
2021Q1,715839000.0,32308028000.0,13916308000.0,391992000.0,657110000.0,46616328000.0,6472948000.0,2058489000.0,2868504000.0,1619776000.0,-379905000.0,4881652000.0,115701000.0,3947902000.0,546579000.0,867454000.0,-116521000.0,10552633000.0,21037233000.0,5931546000.0,11984160000.0,6308282000.0,23827438000.0,570601000.0,950257000.0,,,472714000.0,391992000.0,372404000.0,221367000.0,1191176000.0,876310000.0,876310000.0,93499000.0,-321817000.0,,,,70271000.0,4719725000.0,3843415000.0,3528549000.0,-403596000.0,,402443000.0,372404000.0,1824833000.0,101968000.0,631338000.0,-385954000.0,-737176000.0,76533000.0,372404000.0,-31183000.0,,74655000.0,270396000.0,5390000.0,-994854000.0,10550000.0,216409000.0,-341437000.0,1741893000.0,4719725000.0,372404000.0,0.009101139025741611,4954761000.0,7268923000.0,2160048000.0,-361772000.0,37347000.0,,,,,,,,,
2021Q2,752354000.0,32917123000.0,15868187000.0,458145000.0,722489000.0,49243455000.0,7575516000.0,1002910000.0,3157818000.0,1724621000.0,-521267000.0,4171720000.0,96524000.0,4535116000.0,631807000.0,1112068000.0,-381985000.0,10914957000.0,23130670000.0,6969053000.0,14201988000.0,7152644000.0,23787508000.0,676604000.0,1098870000.0,,,615861000.0,458145000.0,445534000.0,258512000.0,1300655000.0,942679000.0,942679000.0,99464000.0,-1995528000.0,,,,138125000.0,5218686000.0,4276007000.0,3918031000.0,-326818000.0,,477736000.0,445534000.0,-1159136000.0,118105000.0,-2580744000.0,1237078000.0,3036041000.0,-611770000.0,445534000.0,-19177000.0,,-474474000.0,300926000.0,44770000.0,-1107597000.0,164716000.0,501431000.0,-468674000.0,1741893000.0,5218686000.0,445534000.0,0.001642345865908501,5656120000.0,8146780000.0,2126974000.0,-107646000.0,-95103000.0,,,,,,,,,
2021Q3,832330000.0,36287550000.0,14285125000.0,481892000.0,514610000.0,51054567000.0,7575516000.0,762368000.0,1379858000.0,1867705000.0,-365838000.0,5286922000.0,201754000.0,5068174000.0,721477000.0,1775479000.0,-226556000.0,11516974000.0,22105297000.0,4517740000.0,12893065000.0,7537732000.0,26387787000.0,710378000.0,1107508000.0,,,482936000.0,481892000.0,350963000.0,237649000.0,1250481000.0,915814000.0,915814000.0,97018000.0,-1844830000.0,,,,104832000.0,5307919000.0,4392105000.0,4057438000.0,-432878000.0,,378104000.0,350963000.0,1878080000.0,-24552000.0,82867000.0,2147246000.0,-225144000.0,-52079000.0,350963000.0,105230000.0,,247507000.0,319964000.0,8635000.0,-497971000.0,20312000.0,244319000.0,-762157000.0,250034000.0,5307919000.0,350963000.0,-0.1188894821896479,5695589000.0,8935055000.0,2377989000.0,-2392702000.0,-21505000.0,,,,,,,,,
2021Q4,829525000.0,37802681000.0,13583378000.0,1094561000.0,523192000.0,52480620000.0,7575516000.0,804446000.0,1600180000.0,2635993000.0,-1319440000.0,5402663000.0,124621000.0,5149028000.0,792083000.0,2023837000.0,-1180158000.0,12231503000.0,21889584000.0,2952347000.0,12219140000.0,8006132000.0,26860914000.0,735245000.0,990942000.0,,,461105000.0,1094561000.0,406405000.0,241165000.0,1067457000.0,864003000.0,864003000.0,-37711000.0,-659096000.0,,,,41653000.0,5135553000.0,4271550000.0,4068096000.0,-402898000.0,,419452000.0,406405000.0,892894000.0,-134906000.0,214658000.0,8430000.0,-322334000.0,-5338000.0,406405000.0,-77133000.0,,30543000.0,337384000.0,83912000.0,-682543000.0,-371321000.0,147670000.0,-554277000.0,250034000.0,5135553000.0,406405000.0,-0.18643746077241685,5727122000.0,9801506000.0,2325839000.0,-209477000.0,-20342000.0,,,,,,,,,
2021Q1,7113604000.0,26055147000.0,15133216000.0,314215000.0,724826000.0,41502578000.0,16054906000.0,124116000.0,-3334816000.0,5841933000.0,2413126000.0,2885149000.0,3724605000.0,3688190000.0,1381872000.0,1317370000.0,2452882000.0,22034984000.0,7096948000.0,7919161000.0,160774000.0,1082136000.0,14047674000.0,257774000.0,707988000.0,,,199599000.0,314215000.0,172248000.0,108215000.0,527110000.0,425791000.0,425791000.0,-6896000.0,-762701000.0,,,,25043000.0,1745952000.0,1320161000.0,1218842000.0,-226192000.0,,174556000.0,172248000.0,-336324000.0,-133267000.0,-1213550000.0,-4512164000.0,-3485264000.0,-156654000.0,172248000.0,-4054001000.0,216051000.0,428762000.0,427642000.0,59589000.0,-80679000.0,1056651000.0,-63545000.0,-936815000.0,,1745952000.0,172248000.0,0.003357299450527984,,100451000.0,2271442000.0,-2020000.0,-5848000.0,-29751000.0,,,,,,,,
2021Q2,7084603000.0,26953693000.0,15449257000.0,315650000.0,1052771000.0,42718600000.0,12547842000.0,239220000.0,484386000.0,5787887000.0,2417029000.0,4701819000.0,4794875000.0,3765125000.0,1385476000.0,1245351000.0,2452699000.0,22744814000.0,8035691000.0,8264203000.0,60646000.0,1131453000.0,14923818000.0,277261000.0,856218000.0,,,389460000.0,315650000.0,312137000.0,123040000.0,842944000.0,715176000.0,715176000.0,4728000.0,-430993000.0,,,,75069000.0,2215892000.0,1500716000.0,1372948000.0,-325716000.0,,314391000.0,312137000.0,175704000.0,178859000.0,-858075000.0,818380000.0,658108000.0,-166211000.0,312137000.0,1070270000.0,-2478000.0,1272715000.0,455445000.0,4403000.0,-47572000.0,-158252000.0,520796000.0,-1041272000.0,,2215892000.0,312137000.0,-0.016156774575006305,,100451000.0,51222000.0,-2020000.0,-8117000.0,,,,,,,,,
2021Q3,7054770000.0,30790163000.0,15208901000.0,222625000.0,974497000.0,46221689000.0,12547842000.0,102748000.0,535424000.0,5909105000.0,2125635000.0,3084261000.0,8343394000.0,3704889000.0,1517826000.0,1398994000.0,2142354000.0,23140686000.0,10880365000.0,8053680000.0,5047000.0,1179762000.0,18608903000.0,280776000.0,643829000.0,,,77424000.0,222625000.0,51039000.0,136841000.0,576294000.0,466476000.0,466476000.0,-27023000.0,-509498000.0,,,,26746000.0,1965570000.0,1499094000.0,1389276000.0,-389052000.0,,50678000.0,51039000.0,664946000.0,-115136000.0,-109113000.0,3395914000.0,2773497000.0,-88128000.0,51039000.0,3548519000.0,79678000.0,804457000.0,433463000.0,400000.0,38283000.0,-617353000.0,480215000.0,-774459000.0,,1965570000.0,51039000.0,-0.11961905887368507,,100451000.0,1961156000.0,-5064000.0,-6264000.0,,,,,,,,,
2021Q4,7031194000.0,33155991000.0,14795421000.0,223142000.0,1126406000.0,48174554000.0,12547842000.0,111759000.0,7527000.0,6034881000.0,2240052000.0,3218310000.0,9448193000.0,4440992000.0,1662572000.0,1799423000.0,2256047000.0,23759503000.0,12381244000.0,7663776000.0,8939000.0,1117659000.0,19956074000.0,228923000.0,816270000.0,,,-506686000.0,223142000.0,-384886000.0,143598000.0,141243000.0,-30819000.0,-30819000.0,28464000.0,-291893000.0,,,,-122806000.0,1512217000.0,1543036000.0,1370974000.0,-475867000.0,,-383880000.0,-384886000.0,-474809000.0,46801000.0,-1174516000.0,1114563000.0,1351537000.0,-15087000.0,-384886000.0,1104799000.0,93697000.0,834081000.0,514133000.0,1154000.0,98234000.0,236974000.0,867233000.0,-700861000.0,,1512217000.0,-384886000.0,-0.05320089822221841,,100451000.0,1683852000.0,,14881000.0,,,,,,,,,
2021Q1,34606883000.0,27616181000.0,23290562000.0,,1617658000.0,50906743000.0,15000000000.0,260307000.0,8691564000.0,7619390000.0,-401002000.0,9587032000.0,864482000.0,6203068000.0,,3136112000.0,-401002000.0,361484000.0,6279873000.0,-11316321000.0,2643939000.0,2405211000.0,13358912000.0,105934000.0,250019000.0,,,750615000.0,,496858000.0,404715000.0,1629374000.0,1091517000.0,1091517000.0,12091000.0,-159096000.0,,,,253757000.0,4677417000.0,3585900000.0,3048043000.0,-340902000.0,,496858000.0,496858000.0,781543000.0,-142979000.0,121939000.0,-510838000.0,-698371000.0,-8939000.0,496858000.0,468081000.0,,1044513000.0,518434000.0,-349000.0,-103667000.0,-187533000.0,301036000.0,-8335000.0,,4677417000.0,496858000.0,-0.0031750999880182373,,,71471000.0,-254218000.0,-1086000.0,,,,,,,,,
2021Q2,35483475000.0,26884206000.0,24037238000.0,,1335429000.0,50921444000.0,15000000000.0,236041000.0,9438240000.0,7740502000.0,-401002000.0,9327910000.0,249932000.0,5932223000.0,,3180982000.0,-401002000.0,373160000.0,5661267000.0,-11446237000.0,2698856000.0,2367572000.0,12773101000.0,108866000.0,225901000.0,,,1148031000.0,,773052000.0,474773000.0,1532492000.0,890453000.0,890453000.0,23165000.0,-124495000.0,,,,374979000.0,4595919000.0,3705466000.0,3063427000.0,257578000.0,,773052000.0,773052000.0,-50638000.0,-99265000.0,-868840000.0,-263044000.0,-674226000.0,-223587000.0,773052000.0,-614550000.0,,928516000.0,529159000.0,8141000.0,-63517000.0,-156964000.0,-34114000.0,-4538000.0,,4595919000.0,773052000.0,-0.13225572983956024,,,75632000.0,-254218000.0,-2932000.0,,,,,,,,,
2021Q3,35484722000.0,28570587000.0,24505769000.0,,1392547000.0,53076356000.0,15000000000.0,221348000.0,9906771000.0,7796210000.0,-401002000.0,10069622000.0,2402028000.0,6137903000.0,,3180672000.0,-401002000.0,381295000.0,7061474000.0,-10978953000.0,1745617000.0,2586507000.0,14207657000.0,105974000.0,257195000.0,,,706477000.0,,468531000.0,466599000.0,1829117000.0,1216055000.0,1216055000.0,27904000.0,-227495000.0,,,,237946000.0,5153917000.0,3937862000.0,3324800000.0,-509578000.0,,468531000.0,468531000.0,953239000.0,-91000.0,-64638000.0,1094837000.0,941915000.0,-30674000.0,468531000.0,2152096000.0,,1274819000.0,540247000.0,1118000.0,-244975000.0,-152922000.0,501351000.0,-14493000.0,,5153917000.0,468531000.0,0.07379609395319386,,,79243000.0,,2892000.0,,,,,,,,,
2021Q4,36399981000.0,28233626000.0,24931859000.0,,1922242000.0,53165485000.0,15000000000.0,192873000.0,9885485000.0,7247480000.0,46374000.0,9788059000.0,717929000.0,5092927000.0,,1724671000.0,46374000.0,395010000.0,6502998000.0,-11468122000.0,2433385000.0,3045305000.0,15475885000.0,113506000.0,236763000.0,,,565033000.0,,567428000.0,527984000.0,1700036000.0,877475000.0,877475000.0,34558000.0,-223773000.0,,,,-2395000.0,5063808000.0,4186333000.0,3363772000.0,-312442000.0,,567428000.0,567428000.0,-607676000.0,-3166000.0,-1851668000.0,-294748000.0,-498336000.0,-203625000.0,567428000.0,-1684099000.0,,665905000.0,567843000.0,-1635000.0,-330101000.0,-203588000.0,106710000.0,-22915000.0,,5063808000.0,567428000.0,0.10127546152240496,,,79437000.0,,-7532000.0,,,,,,,,,
2017Q2,2027262000.0,544932842000.0,87715091000.0,825650000.0,34299173000.0,633473583000.0,57000000000.0,103922638000.0,3673703000.0,57377049000.0,27041388000.0,299059339000.0,22099891000.0,402414868000.0,25956876000.0,228689087000.0,27718457000.0,6466215000.0,183505384000.0,57330383000.0,,2604646000.0,85140925000.0,,224567533000.0,,,2129953000.0,825650000.0,2211940000.0,4051169000.0,7251354000.0,0.0,2246309000.0,953876000.0,,,,,-133535000.0,7251354000.0,5005045000.0,0.0,-116356000.0,,2263488000.0,2211940000.0,2408000.0,0.0,-270963000.0,-12442907000.0,-13193769000.0,-11605653000.0,2211940000.0,2539055000.0,129802000.0,15873985000.0,411487000.0,133508000.0,,-76433000.0,1564885000.0,-206895000.0,,7251354000.0,2211940000.0,0.03318712697513915,,28357446000.0,114057937000.0,-433975000.0,,,,,,,,,,
2017Q3,2098732000.0,560709723000.0,89906799000.0,751571000.0,40359840000.0,651368093000.0,57000000000.0,108898668000.0,4997756000.0,62524160000.0,27909043000.0,305637620000.0,14003246000.0,420010698000.0,24894371000.0,208956216000.0,27935383000.0,6355014000.0,185903424000.0,59451471000.0,,2734701000.0,78174865000.0,,248869507000.0,,,5597622000.0,751571000.0,2324053000.0,4336774000.0,11101162000.0,0.0,5716607000.0,1047781000.0,,,,,3214686000.0,11101162000.0,5384555000.0,0.0,-118985000.0,,2382936000.0,2324053000.0,-13164000.0,0.0,-249414000.0,-9738410000.0,-10076724000.0,1510269000.0,2324053000.0,-8096645000.0,-2634000.0,2232127000.0,417355000.0,189325000.0,,321617000.0,4033109000.0,-252395000.0,,11101162000.0,2324053000.0,0.12041883778152385,,28356596000.0,123016707000.0,-566254000.0,,,,,,,,,,
2017Q4,3517092000.0,558647495000.0,86650707000.0,436894000.0,77221867000.0,645735096000.0,57000000000.0,63620573000.0,2624064000.0,25384799000.0,27026643000.0,312710352000.0,22670902000.0,504644741000.0,24778078000.0,195009207000.0,27175083000.0,6509883000.0,145368539000.0,54769359000.0,403415000.0,5256854000.0,28617955000.0,,257995248000.0,,,2445438000.0,436894000.0,2426308000.0,4678651000.0,8101161000.0,0.0,2880702000.0,541808000.0,,,,,-38373000.0,8101161000.0,5220459000.0,0.0,-435264000.0,,2483811000.0,2426308000.0,-20990000.0,0.0,-684212000.0,-2368160000.0,-3880266000.0,871414000.0,2426308000.0,8667656000.0,2341000.0,13229793000.0,-15067000.0,-122081000.0,,-939143000.0,1499014000.0,-515823000.0,,8101161000.0,2426308000.0,0.17611771612415517,,28364256000.0,149264974000.0,-450875000.0,,,,,,,,,,
2018Q1,1771682000.0,585333978000.0,87920485000.0,475834000.0,38233801000.0,673730297000.0,57000000000.0,90162726000.0,2226302000.0,67540681000.0,28694183000.0,327646375000.0,22011443000.0,435484689000.0,25400472000.0,204814112000.0,28796898000.0,6411863000.0,136924003000.0,57779462000.0,,4449807000.0,82308608000.0,,274745384000.0,,,4865602000.0,475834000.0,2826302000.0,4344912000.0,10165494000.0,0.0,4995496000.0,825086000.0,,,,,1993926000.0,10165494000.0,5169998000.0,0.0,-129894000.0,,2871676000.0,2826302000.0,,0.0,-552299000.0,3323881000.0,-1241631000.0,13277591000.0,2826302000.0,-659459000.0,-114000.0,1134585000.0,306893000.0,79903000.0,,-176422000.0,2172745000.0,-262607000.0,,10165494000.0,2826302000.0,0.03570468569761953,,28369341000.0,172607033000.0,-4434827000.0,,,,,,,,,,
2021Q1,3714920000.0,52403596000.0,14387488000.0,2887848000.0,5862735000.0,69678932000.0,6040000000.0,578423000.0,11122629000.0,4891578000.0,-2775141000.0,9106980000.0,13908238000.0,16545529000.0,3929974000.0,3617910000.0,-2716877000.0,19759932000.0,29770912000.0,7066412000.0,,5511658000.0,30521280000.0,5673189000.0,6177497000.0,,,6975553000.0,2887848000.0,5240015000.0,557049000.0,5669517000.0,4944205000.0,4944205000.0,168263000.0,-523741000.0,,,,1278240000.0,11913328000.0,6969123000.0,6243811000.0,2031348000.0,,5697313000.0,5240015000.0,15993000.0,1681407000.0,2737117000.0,-3372503000.0,-2212281000.0,-669377000.0,5240015000.0,3963652000.0,-16658000.0,3455474000.0,481459000.0,-70394000.0,-1356595000.0,-11423000.0,-1462041000.0,-373094000.0,1347862000.0,11913328000.0,5240015000.0,0.3248917331961143,,3606156000.0,3720032000.0,-176217000.0,-813705000.0,-145139000.0,,,,,,,,
2021Q2,3645201000.0,54344008000.0,21716693000.0,3379422000.0,6962782000.0,79440123000.0,6040000000.0,505560000.0,16088400000.0,4439515000.0,-411707000.0,9579431000.0,21756753000.0,18963270000.0,4253337000.0,4093782000.0,-353443000.0,19905158000.0,38801277000.0,14465336000.0,,6123662000.0,30504498000.0,7050184000.0,7024478000.0,,,6769531000.0,3379422000.0,4965771000.0,825634000.0,8250141000.0,6925428000.0,6925428000.0,499079000.0,-498707000.0,,,,1256871000.0,15391573000.0,8466145000.0,7141432000.0,-155897000.0,,5512660000.0,4965771000.0,1298405000.0,1303637000.0,529101000.0,3514987000.0,2496871000.0,-473252000.0,4965771000.0,7848515000.0,30112000.0,4792431000.0,525492000.0,-35085000.0,-1183435000.0,-117557000.0,-408676000.0,-734219000.0,,15391573000.0,4965771000.0,-0.0711893192962112,,3606156000.0,3902900000.0,-900559000.0,-1571869000.0,-145139000.0,,,,,,,,
2021Q3,3958595000.0,52769906000.0,20194815000.0,3107280000.0,10684512000.0,76072001000.0,6040000000.0,836946000.0,15487937000.0,4336646000.0,-1333122000.0,9810245000.0,15255105000.0,22192748000.0,4019286000.0,3938516000.0,-1274858000.0,20950180000.0,33609000000.0,12522887000.0,,4602020000.0,25744378000.0,10038794000.0,6596035000.0,,,2735937000.0,3107280000.0,1149537000.0,762468000.0,4258415000.0,3598541000.0,3598541000.0,-102594000.0,-706069000.0,,,,1411285000.0,10246173000.0,6647632000.0,5987758000.0,-862604000.0,,1324652000.0,1149537000.0,-307755000.0,616959000.0,-2047529000.0,-7251065000.0,-9640730000.0,-640041000.0,1149537000.0,-6501648000.0,-21023000.0,5207634000.0,554474000.0,-274271000.0,3794102000.0,-30815000.0,2089759000.0,-792519000.0,,10246173000.0,1149537000.0,-0.4323029049067665,,3713333000.0,4030648000.0,-2213711000.0,-2348731000.0,-145139000.0,,,,,,,,
2021Q4,3927814000.0,56004714000.0,20314998000.0,3059391000.0,11617068000.0,79379103000.0,10240000000.0,381970000.0,11029818000.0,3949931000.0,-954820000.0,11059066000.0,16646480000.0,24541616000.0,5072092000.0,5486859000.0,-17890000.0,21531134000.0,34972354000.0,12657948000.0,,4379946000.0,27020663000.0,10943835000.0,6475441000.0,,,2114757000.0,3059391000.0,903305000.0,814295000.0,3756163000.0,2668893000.0,2668893000.0,272975000.0,-546433000.0,,,,1053761000.0,10360965000.0,7692072000.0,6604802000.0,-554136000.0,,1060996000.0,903305000.0,201770000.0,661090000.0,-770761000.0,2200644000.0,826281000.0,-132831000.0,903305000.0,1391375000.0,-1869000.0,1337724000.0,644424000.0,-7656000.0,-43565000.0,1344805000.0,1735351000.0,-964875000.0,,10360965000.0,903305000.0,0.049419034305386855,,3729236000.0,4159499000.0,-57000.0,-1617774000.0,-2719111000.0,,,,,,,,
2021Q1,44274000.0,5723396000.0,3149912000.0,235020000.0,935684000.0,9108328000.0,947522000.0,63525000.0,1322143000.0,385711000.0,842617000.0,576482000.0,1597610000.0,2928588000.0,16916000.0,469565000.0,890903000.0,3786507000.0,4700400000.0,3105638000.0,,190434000.0,1614744000.0,2828277000.0,733392000.0,,,571432000.0,235020000.0,342860000.0,94451000.0,697362000.0,604848000.0,604848000.0,-1937000.0,-34002000.0,,,,194628000.0,827490000.0,222642000.0,130128000.0,-33416000.0,,376804000.0,342860000.0,-1614000.0,-342077000.0,-101752000.0,164001000.0,167343000.0,151090000.0,342860000.0,-6443000.0,,-72034000.0,43639000.0,-706000.0,109905000.0,2997000.0,-66229000.0,-93013000.0,3342000.0,827490000.0,342860000.0,0.2209447001817506,37630000.0,,665000.0,-205339000.0,-242613000.0,-28359000.0,,,,,,,,
2021Q2,53414000.0,6271582000.0,3699587000.0,277246000.0,605052000.0,10248415000.0,947522000.0,150378000.0,1625444000.0,605728000.0,1089343000.0,588176000.0,1270308000.0,2546371000.0,5429000.0,570066000.0,1135901000.0,4882732000.0,4723424000.0,3646173000.0,,211200000.0,1556453000.0,3056253000.0,405898000.0,,,651057000.0,277246000.0,418724000.0,77632000.0,792229000.0,720413000.0,720413000.0,-5816000.0,-14951000.0,,,,203817000.0,1043853000.0,323440000.0,251624000.0,-69356000.0,,447240000.0,418724000.0,-1614000.0,-349353000.0,-110673000.0,-51614000.0,-255577000.0,-91635000.0,418724000.0,-327302000.0,,38948000.0,56597000.0,-706000.0,3696000.0,2997000.0,-40163000.0,-101631000.0,1376000.0,1043853000.0,418724000.0,-0.09804227678899158,37278000.0,,669000.0,-205339000.0,94115000.0,-28359000.0,,,,,,,,
2021Q3,62313000.0,8979752000.0,3595111000.0,250570000.0,1050707000.0,12825433000.0,1012522000.0,157196000.0,1747272000.0,489303000.0,798056000.0,1187725000.0,725420000.0,4040434000.0,424977000.0,688742000.0,872955000.0,6280390000.0,5245361000.0,3485443000.0,,249054000.0,1846505000.0,4076827000.0,1129503000.0,,,101724000.0,250570000.0,121012000.0,119908000.0,208511000.0,194289000.0,194289000.0,-105686000.0,-9141000.0,,,,-12031000.0,942365000.0,748076000.0,733854000.0,-92565000.0,,113755000.0,121012000.0,-1614000.0,362818000.0,-164250000.0,-620007000.0,-645369000.0,27282000.0,121012000.0,-544888000.0,,264731000.0,86174000.0,18558000.0,26311000.0,2997000.0,-46717000.0,-88999000.0,,942365000.0,121012000.0,0.025690970021947868,37261000.0,47355000.0,2289000.0,-2997000.0,-382952000.0,-28359000.0,,,,,,,,
2021Q4,70829000.0,9090267000.0,3524748000.0,251328000.0,1340730000.0,12866343000.0,1512522000.0,137751000.0,1174813000.0,500945000.0,803364000.0,1196181000.0,139780000.0,3831980000.0,405662000.0,454726000.0,920210000.0,6440248000.0,5109406000.0,3406564000.0,,320266000.0,1932886000.0,4497334000.0,1009194000.0,,,236597000.0,251328000.0,179520000.0,140881000.0,549542000.0,428226000.0,428226000.0,-19565000.0,-65632000.0,,,,43637000.0,1549502000.0,1121276000.0,999960000.0,-191629000.0,,192960000.0,179520000.0,-26000.0,107137000.0,-99520000.0,-450813000.0,-689565000.0,187608000.0,179520000.0,-585640000.0,,203445000.0,90332000.0,18558000.0,-61996000.0,-188163000.0,278177000.0,-116754000.0,,1549502000.0,179520000.0,0.13572976576702067,34049000.0,47355000.0,2324000.0,-2997000.0,-450030000.0,-47592000.0,,,,,,,,
2021Q1,1477341000.0,19700144000.0,8042804000.0,1848000.0,835372000.0,27744796000.0,4619882000.0,118734000.0,4051314000.0,9812080000.0,-969806000.0,5183393000.0,787169000.0,8047422000.0,1374366000.0,431915000.0,-47366000.0,277215000.0,18848739000.0,7213908000.0,6169051000.0,1542277000.0,1709862000.0,,6495144000.0,,,114098000.0,1848000.0,53893000.0,394955000.0,628868000.0,183948000.0,183948000.0,49965000.0,-16027000.0,,,,60100000.0,5014201000.0,4830253000.0,4385333000.0,-69850000.0,,53998000.0,53893000.0,,-88303000.0,-39781000.0,530437000.0,406357000.0,-650892000.0,53893000.0,-169296000.0,,-535872000.0,16833000.0,,182816000.0,-2038000.0,14988000.0,-40470000.0,5544000.0,5014201000.0,53893000.0,-0.10161249678699269,341414000.0,444589000.0,1513519000.0,-53063000.0,,-68979000.0,,,,,,,,
2021Q2,1528693000.0,19786785000.0,8034060000.0,2738000.0,839517000.0,27823583000.0,4619882000.0,127345000.0,4080653000.0,9772092000.0,-983034000.0,5258007000.0,1199471000.0,8473684000.0,1420936000.0,664345000.0,-44334000.0,266890000.0,18729302000.0,7193949000.0,6179139000.0,1577051000.0,1414636000.0,,6757171000.0,,,12506000.0,2738000.0,29339000.0,354749000.0,483265000.0,143533000.0,143533000.0,-15017000.0,-72745000.0,,,,-17079000.0,5109136000.0,4965603000.0,4625871000.0,-131027000.0,,29585000.0,29339000.0,,-17595000.0,-35377000.0,-72021000.0,-113686000.0,570302000.0,29339000.0,412302000.0,,561365000.0,18174000.0,,-43719000.0,-1030000.0,162923000.0,-35426000.0,5544000.0,5109136000.0,29339000.0,-0.07998620799714462,316559000.0,444551000.0,1596140000.0,-1364000.0,,-46179000.0,,,,,,,,
2021Q3,1600718000.0,19451698000.0,8256911000.0,2683000.0,798686000.0,27711292000.0,4619882000.0,106302000.0,4360972000.0,9450661000.0,-1039955000.0,5624075000.0,803133000.0,8468324000.0,1710432000.0,681319000.0,-89358000.0,251714000.0,18188704000.0,7390528000.0,6022937000.0,1619098000.0,1414653000.0,,6703413000.0,,,57015000.0,2683000.0,280319000.0,379796000.0,614270000.0,176218000.0,176218000.0,58256000.0,-58799000.0,,,,-223252000.0,5233837000.0,5057619000.0,4619567000.0,-119203000.0,,280267000.0,280319000.0,,166778000.0,-50099000.0,-8922000.0,-22829000.0,-526323000.0,280319000.0,-396338000.0,,-323410000.0,16094000.0,,11916000.0,-983000.0,-306352000.0,-49361000.0,565000.0,5233837000.0,280319000.0,-0.14279459621931478,316012000.0,444551000.0,1601530000.0,-1364000.0,,-12924000.0,,,,,,,,
2021Q4,1738554000.0,20926508000.0,8135844000.0,2532000.0,1008562000.0,29064884000.0,4619882000.0,109309000.0,4239967000.0,9387013000.0,-1039682000.0,5718816000.0,1805351000.0,8785331000.0,1834219000.0,605602000.0,-86690000.0,235454000.0,19303672000.0,7213760000.0,5354167000.0,1568685000.0,2659178000.0,,6945062000.0,,,-183966000.0,2532000.0,-31005000.0,438609000.0,371239000.0,-143217000.0,-143217000.0,75847000.0,,,,,-152810000.0,5278484000.0,5421701000.0,4907245000.0,-40749000.0,,-31156000.0,-31005000.0,,-21409000.0,-64699000.0,1144714000.0,1138606000.0,-56839000.0,-31005000.0,1002218000.0,,-71689000.0,17285000.0,,2486000.0,-2578000.0,-83422000.0,-65915000.0,565000.0,5278484000.0,-31005000.0,0.2578620410063954,315677000.0,444551000.0,1623837000.0,-1364000.0,,-2731000.0,,,,,,,,
2021Q1,8555668000.0,99962127000.0,4458143000.0,106198000.0,3460720000.0,104526468000.0,9269281000.0,1207597000.0,-6636122000.0,12166864000.0,1824984000.0,14672984000.0,5334508000.0,8979194000.0,11044593000.0,2140080000.0,2043249000.0,54242657000.0,18659212000.0,-12350268000.0,3303392000.0,4099280000.0,73770784000.0,3989789000.0,2393144000.0,,,-5060190000.0,106198000.0,-2757244000.0,959765000.0,4044132000.0,3103409000.0,3103409000.0,-19042000.0,-935267000.0,,,,-2304931000.0,8889166000.0,5785757000.0,4845034000.0,-8163599000.0,,-2755259000.0,-2757244000.0,-1866464000.0,88245000.0,-1850065000.0,-2456727000.0,-3169274000.0,-135065000.0,-2757244000.0,-1500549000.0,468227000.0,3050563000.0,1780955000.0,-167176000.0,-514616000.0,-712547000.0,4503513000.0,-974137000.0,,8889166000.0,-2757244000.0,-0.0606745835557948,,8252743000.0,143204000.0,-2322000.0,-56458000.0,,,,,,,,,
2021Q2,8358835000.0,88720096000.0,14488392000.0,99100000.0,1844262000.0,103307588000.0,9269281000.0,1999089000.0,3429696000.0,10011736000.0,1789415000.0,10152640000.0,8585570000.0,7378131000.0,6224616000.0,1919217000.0,2007680000.0,54483355000.0,21799292000.0,-2121170000.0,1908885000.0,4361501000.0,66556926000.0,4404865000.0,2575168000.0,,,14949071000.0,99100000.0,10035111000.0,849938000.0,5066784000.0,5126389000.0,5126389000.0,-909543000.0,-932159000.0,,,,4912372000.0,9844439000.0,4718050000.0,4777655000.0,9822682000.0,,10036699000.0,10035111000.0,1578249000.0,363463000.0,239449000.0,-444694000.0,-1170277000.0,122616000.0,10035111000.0,3251062000.0,-780790000.0,4962680000.0,1709124000.0,-58528000.0,-707774000.0,-723261000.0,-6223826000.0,-1356128000.0,,9844439000.0,10035111000.0,-0.13036250020606688,,8250727000.0,262739000.0,-2322000.0,-396394000.0,,,,,,,,,
2021Q3,8233343000.0,99764446000.0,13518491000.0,100355000.0,2520688000.0,113383292000.0,9269281000.0,1338474000.0,2498255000.0,10925880000.0,1750955000.0,12500146000.0,13461967000.0,8946413000.0,8505573000.0,2284528000.0,1969220000.0,54428412000.0,29686031000.0,-2962978000.0,4500907000.0,5005056000.0,74861856000.0,4652459000.0,2966600000.0,,,-3152835000.0,100355000.0,-961974000.0,897691000.0,5461944000.0,4583083000.0,4583083000.0,-18830000.0,-1212759000.0,,,,-2193460000.0,10761855000.0,6178772000.0,5299911000.0,-7735918000.0,,-959375000.0,-961974000.0,-2726348000.0,465575000.0,-4368090000.0,3584471000.0,3214288000.0,61986000.0,-961974000.0,4876397000.0,1062998000.0,4967201000.0,1742553000.0,38823000.0,-298356000.0,-370183000.0,4054541000.0,-1505492000.0,,10761855000.0,-961974000.0,-0.036116795605553365,,8248126000.0,287234000.0,-7361000.0,-203885000.0,,,,,,,,,
2021Q4,8017956000.0,103800022000.0,15075467000.0,99663000.0,3392979000.0,118975152000.0,9269281000.0,1467611000.0,3927824000.0,11005794000.0,1878362000.0,13101348000.0,13590776000.0,11551224000.0,8729929000.0,3654755000.0,2096627000.0,55212458000.0,34102941000.0,-1190615000.0,6870659000.0,6898794000.0,75973092000.0,4637485000.0,3288897000.0,,,2096911000.0,99663000.0,2310493000.0,1132397000.0,5776983000.0,4655730000.0,4655730000.0,-11144000.0,-1067084000.0,,,,-216556000.0,11469971000.0,6814241000.0,5692988000.0,-2558819000.0,,2313467000.0,2310493000.0,-2202358000.0,446195000.0,-4379985000.0,-172648000.0,-448628000.0,-197857000.0,2310493000.0,128809000.0,300373000.0,4657049000.0,1850170000.0,-64338000.0,-1873041000.0,-268619000.0,1862511000.0,-2083649000.0,,11469971000.0,2310493000.0,0.0390769502036592,,8248126000.0,292323000.0,-7361000.0,1980000.0,,,,,,,,,
2017Q2,25615000.0,4176721000.0,4228113000.0,,92294000.0,8404834000.0,3042035000.0,5165000.0,591571000.0,527928000.0,594507000.0,4364016000.0,84519000.0,1200182000.0,81000.0,3449419000.0,594507000.0,20048000.0,2275463000.0,4202498000.0,639827000.0,1545952000.0,2448611000.0,,13648000.0,,,64522000.0,,72034000.0,24013000.0,143748000.0,113842000.0,113842000.0,5084000.0,-60844000.0,,,,-7512000.0,169271000.0,55429000.0,25523000.0,-49320000.0,,72034000.0,72034000.0,-141250000.0,-4109000.0,-141377000.0,-2258000.0,-378938000.0,354510000.0,72034000.0,-132703000.0,,387612000.0,809000.0,,-2744000.0,-23805000.0,-15595000.0,-127000.0,,169271000.0,72034000.0,-0.002402598131649336,,,1719692000.0,-352875000.0,,,,,,,,,,
2017Q3,26820000.0,4193741000.0,4255551000.0,,110984000.0,8449292000.0,3042035000.0,58506000.0,619009000.0,462273000.0,594507000.0,4258257000.0,41876000.0,1279112000.0,112000.0,3502958000.0,594507000.0,21783000.0,2487654000.0,4228731000.0,1017695000.0,1369577000.0,2452356000.0,,17923000.0,,,101029000.0,,97325000.0,33206000.0,167833000.0,133678000.0,133678000.0,,-59244000.0,,,,3704000.0,214899000.0,81221000.0,47066000.0,-32649000.0,,97325000.0,97325000.0,-377956000.0,23361000.0,-381848000.0,-2259000.0,-81694000.0,330965000.0,97325000.0,-42643000.0,,420899000.0,949000.0,,5357000.0,-79435000.0,-65282000.0,-3892000.0,,214899000.0,97325000.0,-0.05814553867604677,,,1654778000.0,-44460000.0,,,,,,,,,,
2017Q4,35732000.0,3707268000.0,4347552000.0,,102061000.0,8054820000.0,3042035000.0,39073000.0,711010000.0,424866000.0,594507000.0,4263946000.0,56680000.0,644778000.0,112000.0,3039403000.0,594507000.0,23277000.0,1946797000.0,4311820000.0,569902000.0,1281142000.0,2637624000.0,,39297000.0,,,289909000.0,,277559000.0,29139000.0,273877000.0,243385000.0,243385000.0,,-46091000.0,,,,12350000.0,360569000.0,117184000.0,86692000.0,46524000.0,,277559000.0,277559000.0,499529000.0,-9397000.0,431685000.0,-328133000.0,-713235000.0,-920486000.0,277559000.0,14804000.0,,296354000.0,1353000.0,,1326313000.0,-340642000.0,-322538000.0,-11756000.0,,360569000.0,277559000.0,-0.04109587370808698,,,1785068000.0,-44460000.0,,,,,,,,,,
2018Q1,38480000.0,3691619000.0,4564829000.0,,78499000.0,8256448000.0,3042035000.0,33184000.0,928287000.0,414124000.0,594507000.0,4274600000.0,93131000.0,622278000.0,145000.0,3084599000.0,594507000.0,22936000.0,2116435000.0,4526349000.0,808318000.0,1181802000.0,2655217000.0,,23209000.0,,,262178000.0,,217277000.0,28844000.0,281825000.0,251497000.0,251497000.0,,-40230000.0,,,,44901000.0,316705000.0,65208000.0,34880000.0,10681000.0,,217277000.0,217277000.0,-241080000.0,-22166000.0,-248485000.0,-2257000.0,-17821000.0,34389000.0,217277000.0,36451000.0,,302757000.0,1484000.0,,311297000.0,-15564000.0,-180402000.0,-3891000.0,,316705000.0,217277000.0,-0.005333328247070224,,,1803997000.0,,,,,,,,,,,
2021Q1,17345233000.0,41232595000.0,70018589000.0,,5690441000.0,111251184000.0,63571416000.0,852998000.0,5259332000.0,11823845000.0,1187841000.0,4519507000.0,6897933000.0,20534295000.0,137329000.0,1520999000.0,1374080000.0,44308556000.0,21898573000.0,29646927000.0,,11250186000.0,86504000.0,1012220000.0,7776437000.0,,,1237097000.0,44883000.0,942135000.0,3589676000.0,5372354000.0,1482223000.0,1482223000.0,300455000.0,-224175000.0,,,,294962000.0,10848939000.0,9366716000.0,5476585000.0,-245126000.0,,942135000.0,942135000.0,244120000.0,1278646000.0,-1833822000.0,-1540412000.0,-1608141000.0,-366975000.0,942135000.0,1135852000.0,,4577815000.0,2534534000.0,31271000.0,-334670000.0,8114000.0,683938000.0,-1968779000.0,,10848939000.0,942135000.0,-0.025278838342273624,,23026429000.0,152886000.0,-145000.0,-385293000.0,-75698000.0,,,,,,,,
2021Q2,17138921000.0,44968878000.0,68769695000.0,,8218020000.0,113738573000.0,63571416000.0,829076000.0,4106759000.0,12948189000.0,1091520000.0,4848548000.0,8412621000.0,23408437000.0,134292000.0,1507141000.0,1345324000.0,44328545000.0,24258118000.0,28604345000.0,22275000.0,12777561000.0,68286000.0,675624000.0,7306295000.0,,,1619490000.0,44883000.0,1344945000.0,3540041000.0,5078145000.0,946971000.0,946971000.0,591133000.0,-240386000.0,,,,274545000.0,10649481000.0,9702510000.0,5571336000.0,672519000.0,,1344945000.0,1344945000.0,244120000.0,-633648000.0,-1981557000.0,-500162000.0,-582408000.0,61913000.0,1344945000.0,1514688000.0,,4078653000.0,2607151000.0,38291000.0,-131216000.0,-14531000.0,2014362000.0,-2163572000.0,,10649481000.0,1344945000.0,-0.04674384555198274,,23026429000.0,138012000.0,-150000.0,320906000.0,-67565000.0,,,,,,,,
2021Q3,16936814000.0,43857190000.0,69350479000.0,44883000.0,6618343000.0,113252552000.0,63571416000.0,468056000.0,4879172000.0,13241688000.0,899891000.0,5294079000.0,8687948000.0,22250485000.0,127695000.0,1374897000.0,1393332000.0,44072565000.0,23710223000.0,29535213000.0,39864000.0,12679462000.0,67790000.0,595301000.0,7445748000.0,,,1643453000.0,44883000.0,1317769000.0,3524344000.0,5261837000.0,1672442000.0,1672442000.0,65051000.0,-272096000.0,,,,328754000.0,11033251000.0,9360809000.0,5771414000.0,-28989000.0,,1314699000.0,1317769000.0,244120000.0,178999000.0,-1885785000.0,-764867000.0,-3169632000.0,396657000.0,1317769000.0,275327000.0,,5330744000.0,2637789000.0,43041000.0,-449331000.0,20465000.0,435304000.0,-2423484000.0,,11033251000.0,1317769000.0,0.1610122300159258,,22878452000.0,360419000.0,-2185593000.0,59389000.0,-239637000.0,,,,,,,,
2021Q4,21236039000.0,45657337000.0,69927196000.0,79000000.0,6022139000.0,115663533000.0,63571416000.0,736502000.0,5533180000.0,13101831000.0,822600000.0,5734277000.0,6448483000.0,22459398000.0,121748000.0,4003949000.0,1429136000.0,44408491000.0,21060168000.0,25822889000.0,30109000.0,12198824000.0,1773490000.0,639825000.0,7132402000.0,,,1459489000.0,79000000.0,2634515000.0,3473494000.0,5243143000.0,2355589000.0,2355589000.0,-585940000.0,-381781000.0,,,,-1168089000.0,11500942000.0,9145353000.0,6257799000.0,-896100000.0,,2627578000.0,2634515000.0,19000.0,222090000.0,-2426604000.0,-1095706000.0,-3898249000.0,-210875000.0,2634515000.0,-2239465000.0,,4085388000.0,2634325000.0,50720000.0,-489717000.0,25990000.0,-1053287000.0,-2739649000.0,,11500942000.0,2634515000.0,0.014291424910537476,,22868268000.0,356290000.0,-2715438000.0,-40168000.0,-113095000.0,,,,,,,,
2021Q1,7186086000.0,17653344000.0,23463622000.0,,485259000.0,41116966000.0,13477891000.0,654174000.0,9594245000.0,2175936000.0,391486000.0,3798396000.0,2716540000.0,7903157000.0,485580000.0,2261203000.0,394077000.0,18550522000.0,10047708000.0,14750316000.0,1601977000.0,4531438000.0,284079000.0,301008000.0,2661325000.0,,,367252000.0,,276889000.0,1583947000.0,2246936000.0,658145000.0,658145000.0,4844000.0,-224989000.0,,,,90363000.0,4339763000.0,3681618000.0,2092827000.0,-290893000.0,,276889000.0,276889000.0,468487000.0,-531715000.0,-854368000.0,-263532000.0,-953978000.0,-145279000.0,276889000.0,141249000.0,,1949595000.0,1123829000.0,,142343000.0,-205289000.0,533962000.0,-1324158000.0,1391000.0,4339763000.0,276889000.0,-0.10051695748369549,,1527220000.0,7034000.0,-486548000.0,-54406000.0,-17510000.0,,,,,,,,
2021Q2,6896527000.0,20083326000.0,23774459000.0,,1361966000.0,43857785000.0,13477891000.0,2642015000.0,9916462000.0,2053839000.0,380106000.0,4084386000.0,3749165000.0,8010992000.0,897530000.0,1445736000.0,400208000.0,17537046000.0,14881764000.0,16426866000.0,3375504000.0,4550574000.0,2780485000.0,225723000.0,2589997000.0,,,627022000.0,,672217000.0,1567479000.0,2310913000.0,649603000.0,649603000.0,93831000.0,-414245000.0,,,,-45195000.0,4407000000.0,3757397000.0,2096087000.0,-22581000.0,,672217000.0,672217000.0,-1773488000.0,-83486000.0,-2677742000.0,1729763000.0,1477882000.0,-182767000.0,672217000.0,1032625000.0,,2232485000.0,1132241000.0,,-151223000.0,-186485000.0,279480000.0,-905599000.0,4885000.0,4407000000.0,672217000.0,-0.026341005560055253,,451066000.0,6996000.0,-47886000.0,75285000.0,-17510000.0,,,,,,,,
2021Q3,6653139000.0,19336701000.0,24641779000.0,,708492000.0,43978480000.0,13477891000.0,365477000.0,10771731000.0,2362475000.0,38553000.0,6660498000.0,4067611000.0,6829881000.0,874897000.0,533992000.0,43996000.0,17564614000.0,12611083000.0,17508402000.0,,4378169000.0,2880674000.0,231139000.0,2653218000.0,,,544176000.0,,992769000.0,1607315000.0,2419286000.0,755278000.0,755278000.0,56693000.0,-783749000.0,,,,-448593000.0,4511814000.0,3756536000.0,2092528000.0,-211102000.0,,992769000.0,992769000.0,68794000.0,38784000.0,-825846000.0,-1318301000.0,-1628495000.0,83519000.0,992769000.0,318446000.0,,2772787000.0,1113826000.0,,-52998000.0,-18321000.0,38628000.0,-896524000.0,4885000.0,4511814000.0,992769000.0,0.10018038502204951,353604000.0,480238000.0,8908000.0,-296758000.0,-5415000.0,,,,,,,,,
2021Q4,9999812000.0,24712080000.0,25107106000.0,,3813829000.0,49819186000.0,13477891000.0,331543000.0,11236551000.0,2999922000.0,392664000.0,3914448000.0,5228615000.0,10611482000.0,536888000.0,538450000.0,397521000.0,18417924000.0,15398048000.0,14631551000.0,4568020000.0,4792169000.0,3307015000.0,202553000.0,3267404000.0,,,1564776000.0,,1015299000.0,2197397000.0,2612017000.0,1032843000.0,1032843000.0,-618223000.0,-440892000.0,,,,549477000.0,4799450000.0,3766607000.0,2187433000.0,531933000.0,,1015299000.0,1015299000.0,-1265823000.0,594191000.0,-2331440000.0,23412000.0,369225000.0,-39941000.0,1015299000.0,1161005000.0,,3123220000.0,1157590000.0,,-521468000.0,557432000.0,352135000.0,-2157426000.0,165000.0,4799450000.0,1015299000.0,0.014903115359770513,,475743000.0,1613211000.0,-211784000.0,28586000.0,,,,,,,,,
2021Q1,434464000.0,2732609000.0,2702688000.0,,1625406000.0,5435297000.0,1382509000.0,201129000.0,513474000.0,329263000.0,806705000.0,307936000.0,1100022000.0,2197870000.0,115561000.0,101704000.0,955183000.0,394934000.0,3090775000.0,1166449000.0,,1789624000.0,,,77191000.0,117563000.0,,120085000.0,253079000.0,80645000.0,194960000.0,515657000.0,139014000.0,139014000.0,-2051000.0,-3143000.0,,,,39440000.0,720256000.0,581242000.0,204599000.0,-18929000.0,,80645000.0,80645000.0,88237000.0,-22114000.0,45668000.0,102059000.0,95622000.0,76028000.0,80645000.0,72289000.0,,-69001000.0,41372000.0,,-289781000.0,600073000.0,34548000.0,-10617000.0,1407058000.0,720256000.0,80645000.0,0.1526437752360068,,1101775000.0,105413000.0,-6437000.0,,-4264000.0,,26570000.0,,,,,,
2021Q2,697275000.0,4879986000.0,2723213000.0,,2005569000.0,7603199000.0,1519412000.0,446916000.0,404254000.0,468701000.0,799547000.0,363934000.0,802260000.0,2723952000.0,111701000.0,105981000.0,932850000.0,390855000.0,3175682000.0,-857421000.0,,1926506000.0,1494684000.0,,107722000.0,129219000.0,,114573000.0,253079000.0,78643000.0,214639000.0,538332000.0,137813000.0,137813000.0,-12009000.0,-11573000.0,,,,35930000.0,763375000.0,625562000.0,225043000.0,-23240000.0,,78643000.0,78643000.0,-194326000.0,-9851000.0,-1944308000.0,1644816000.0,1543646000.0,43904000.0,78643000.0,-297762000.0,,102900000.0,42011000.0,,-120059000.0,600073000.0,68165000.0,-13354000.0,1407058000.0,763375000.0,78643000.0,0.07846416402887191,,2883359000.0,92094000.0,-101170000.0,,-4264000.0,,30463000.0,,,,,,
2021Q3,743313000.0,5237530000.0,4187758000.0,,2360420000.0,9425288000.0,2962585000.0,593044000.0,441981000.0,470402000.0,783192000.0,403364000.0,2325886000.0,3083473000.0,130292000.0,128740000.0,916387000.0,393022000.0,4953791000.0,612731000.0,,2034861000.0,1496834000.0,,114106000.0,143678000.0,,87009000.0,253079000.0,88920000.0,244962000.0,600778000.0,131382000.0,131382000.0,-3254000.0,-31022000.0,,,,-1911000.0,854538000.0,723156000.0,253760000.0,-44373000.0,,88920000.0,88920000.0,-133270000.0,1437000.0,-224056000.0,173453000.0,1580511000.0,24195000.0,88920000.0,1523626000.0,,167171000.0,49289000.0,,-123399000.0,600073000.0,86441000.0,-35085000.0,1407058000.0,854538000.0,88920000.0,-0.09780078602307529,,2831714000.0,100084000.0,-36027000.0,,-4264000.0,,33950000.0,,,,,,
2021Q4,714845000.0,5459017000.0,4232929000.0,253079000.0,2250095000.0,9945025000.0,2962585000.0,616987000.0,483214000.0,837021000.0,787130000.0,404668000.0,2871072000.0,3319550000.0,144622000.0,489728000.0,920325000.0,404869000.0,5486233000.0,686370000.0,,1998174000.0,1123138000.0,,112579000.0,195012000.0,,142042000.0,253079000.0,120283000.0,477570000.0,571245000.0,128950000.0,128950000.0,-11436000.0,-41484000.0,,,,16213000.0,920694000.0,791744000.0,349449000.0,13092000.0,,125829000.0,120283000.0,45593000.0,3420000.0,-24191000.0,-213857000.0,345925000.0,-31378000.0,120283000.0,545186000.0,,223452000.0,50167000.0,,37205000.0,600073000.0,60662000.0,-35636000.0,,920694000.0,120283000.0,-0.052251202034446886,,2831714000.0,102696000.0,-36027000.0,,-4264000.0,,39683000.0,,,,,,
2021Q1,2131153000.0,27508553000.0,9583461000.0,379180000.0,425561000.0,37471194000.0,5171752000.0,490869000.0,4540563000.0,1398618000.0,-724274000.0,4539028000.0,3933203000.0,9218602000.0,1061363000.0,2146711000.0,-235206000.0,10265902000.0,18419414000.0,6520500000.0,3553474000.0,5788169000.0,15360649000.0,4491697000.0,4526144000.0,,,238451000.0,379180000.0,132163000.0,1145324000.0,1715906000.0,576278000.0,576278000.0,-9636000.0,-214387000.0,,,,101021000.0,23950284000.0,23374006000.0,22234378000.0,-337827000.0,48700000.0,137430000.0,132163000.0,1704562000.0,411304000.0,1442367000.0,216683000.0,-313695000.0,-177273000.0,132163000.0,1271709000.0,14613000.0,128424000.0,332505000.0,-5028000.0,-371971000.0,-52938000.0,475003000.0,-247775000.0,,23950284000.0,132163000.0,-0.10080164921403123,595420000.0,931808000.0,1183889000.0,-477440000.0,-640845000.0,,,,,,,,,
2021Q2,2064898000.0,25924362000.0,9664741000.0,384076000.0,494379000.0,35973179000.0,5171752000.0,514410000.0,4516804000.0,1282287000.0,-619235000.0,4354919000.0,2860287000.0,10053056000.0,1081597000.0,2978651000.0,-130167000.0,10070770000.0,17681461000.0,6736308000.0,3355993000.0,5902220000.0,13079918000.0,4888796000.0,5492599000.0,,,36611000.0,384076000.0,-31080000.0,1183689000.0,1495768000.0,400688000.0,400688000.0,-78329000.0,-153333000.0,,,,54854000.0,28526054000.0,28125366000.0,27030286000.0,-364077000.0,48700000.0,-18243000.0,-31080000.0,-88432000.0,865831000.0,-442275000.0,-1452658000.0,-1770307000.0,174499000.0,-31080000.0,-1072916000.0,-9982000.0,1149648000.0,366327000.0,-14377000.0,-108984000.0,-306489000.0,410947000.0,-323939000.0,,28526054000.0,-31080000.0,-0.12082700783943079,595420000.0,863535000.0,937596000.0,-11160000.0,-394871000.0,,,,,,,,,
2021Q3,2229306000.0,27187365000.0,9795901000.0,389069000.0,430915000.0,37372335000.0,5171752000.0,611787000.0,4667976000.0,1304199000.0,-639695000.0,4682884000.0,2826300000.0,10345230000.0,1245527000.0,2370984000.0,-150627000.0,10312105000.0,18342912000.0,6703060000.0,2914869000.0,6274505000.0,13991682000.0,5574224000.0,6364116000.0,,,266266000.0,389069000.0,369203000.0,1283650000.0,1798941000.0,555324000.0,555324000.0,-35581000.0,-424834000.0,,,,-107991000.0,31911126000.0,31355802000.0,30112185000.0,-289058000.0,48700000.0,374257000.0,369203000.0,570006000.0,831288000.0,213953000.0,-552361000.0,-885891000.0,138602000.0,369203000.0,-33987000.0,33580000.0,604371000.0,364363000.0,-17089000.0,-256348000.0,-116493000.0,77337000.0,-306025000.0,,31911126000.0,369203000.0,-0.1925566265467784,595868000.0,863535000.0,941593000.0,-217037000.0,-682810000.0,,,,,,,,,
2021Q4,2177334000.0,28541117000.0,10066921000.0,402319000.0,3215032000.0,39010357000.0,5171752000.0,11555969000.0,4866409000.0,1226282000.0,-567721000.0,3361271000.0,2280074000.0,12640230000.0,571755000.0,2814872000.0,-79296000.0,7171605000.0,25024181000.0,7071491000.0,1804122000.0,5367220000.0,13515126000.0,3918772000.0,5789954000.0,,,412600000.0,402319000.0,380200000.0,1051000000.0,1530100000.0,497500000.0,497500000.0,-18400000.0,-365300000.0,,,,70800000.0,31904300000.0,31406800000.0,30374200000.0,-84900000.0,48700000.0,341800000.0,380200000.0,-23136000.0,798177000.0,-489945000.0,-112264000.0,-385607000.0,37072000.0,380200000.0,-158206000.0,13789000.0,703557000.0,596505000.0,23894000.0,-344297000.0,-273180000.0,231413000.0,-429161000.0,,31904300000.0,380200000.0,-0.008149627866350206,596481000.0,818096000.0,457870000.0,-163000.0,-598874000.0,,,,,,,,,
2021Q2,1594071000.0,13976751000.0,19906407000.0,2574336000.0,1765631000.0,36457494000.0,13200295000.0,7283000.0,6579206000.0,2854715000.0,126906000.0,4382487000.0,3748010000.0,5377667000.0,2851127000.0,138865000.0,126906000.0,11103073000.0,18234043000.0,18312336000.0,2305303000.0,6144287000.0,5689770000.0,6029160000.0,2177726000.0,,,6157380000.0,2574336000.0,4168048000.0,229199000.0,3642288000.0,4805366000.0,4805366000.0,-1392277000.0,-59618000.0,,,,1614171000.0,9596269000.0,4790903000.0,5953981000.0,1352014000.0,,4543209000.0,4168048000.0,-1708584000.0,40503000.0,-1986939000.0,-1923000.0,-322563000.0,-220250000.0,4168048000.0,-256374000.0,-12150000.0,2065278000.0,250659000.0,3160000.0,-368020000.0,75000.0,-974268000.0,-330799000.0,,9596269000.0,4168048000.0,-0.07537093936179307,,,1143820000.0,-320640000.0,-1157806000.0,,,,,,,,,
2021Q3,1592294000.0,15970816000.0,20164345000.0,2783286000.0,2557329000.0,38918447000.0,13200295000.0,299500000.0,6872921000.0,3088514000.0,91129000.0,4391871000.0,5686749000.0,6805830000.0,2816937000.0,58428000.0,91129000.0,10773499000.0,20948645000.0,18572051000.0,1606753000.0,6168869000.0,6019796000.0,7186774000.0,2682254000.0,,,1851251000.0,2783286000.0,1562215000.0,314534000.0,3135376000.0,2717920000.0,2717920000.0,102922000.0,-96219000.0,,,,27508000.0,9025649000.0,6307729000.0,5890273000.0,-866669000.0,,1823743000.0,1562215000.0,698550000.0,504528000.0,397031000.0,-1913000.0,-1838000.0,86082000.0,1562215000.0,1938739000.0,22375000.0,1521171000.0,243462000.0,4215000.0,-256823000.0,75000.0,292281000.0,-296911000.0,,9025649000.0,1562215000.0,-0.23720521674677075,,,1212138000.0,-1480507000.0,-1156324000.0,,,,,,,,,
2021Q4,1650646000.0,15123066000.0,21749335000.0,2609168000.0,2418347000.0,39481569000.0,13200295000.0,198893000.0,8324834000.0,2610312000.0,224206000.0,5607366000.0,6341017000.0,6331989000.0,2982251000.0,171826000.0,224206000.0,11085685000.0,19999470000.0,20098689000.0,682532000.0,5260788000.0,6127751000.0,7516240000.0,2630292000.0,,,2541123000.0,2609168000.0,2408466000.0,315935000.0,2145870000.0,3358879000.0,3358879000.0,-1528944000.0,-54167000.0,,,,53018000.0,8049214000.0,4690335000.0,5903344000.0,-817756000.0,,2488105000.0,2408466000.0,924221000.0,-51962000.0,437728000.0,-1830000.0,-1505426000.0,-17117000.0,2408466000.0,654268000.0,5282000.0,1716684000.0,239983000.0,116268000.0,420625000.0,-23089000.0,-904259000.0,-532065000.0,,8049214000.0,2408466000.0,0.047851180317239006,,,1138402000.0,-1480507000.0,-341823000.0,,,,,,,,,
2022Q1,1647377000.0,13485141000.0,22934454000.0,2684049000.0,1539933000.0,39103644000.0,13200295000.0,299610000.0,9517396000.0,2594762000.0,216763000.0,5427028000.0,5450262000.0,5329348000.0,2695295000.0,51758000.0,216763000.0,11206157000.0,19652621000.0,21287077000.0,1153867000.0,5229401000.0,5498775000.0,7519481000.0,2734336000.0,,,1831989000.0,2684049000.0,1191414000.0,301597000.0,1715250000.0,1298286000.0,1298286000.0,115367000.0,-54167000.0,,,,568820000.0,7844648000.0,6546362000.0,6129398000.0,533703000.0,,1263169000.0,1191415000.0,-471335000.0,85291000.0,-744584000.0,-13087000.0,-111363000.0,-455141000.0,1191414000.0,-890755000.0,-135824000.0,101016000.0,222750000.0,2950000.0,-286373000.0,-98267000.0,-899061000.0,-282975000.0,,7844648000.0,1191414000.0,-0.20421158362149838,,,1170461000.0,-9000.0,74987000.0,,,,,,,,,
2021Q2,37997000000.0,271862000000.0,208437000000.0,3490000000.0,41917000000.0,483789000000.0,77300000000.0,1860000000.0,80688000000.0,109829000000.0,50449000000.0,64754000000.0,68275000000.0,71698000000.0,46711000000.0,5479000000.0,67271000000.0,219518000000.0,127068000000.0,153427000000.0,4759000000.0,28124000000.0,82704000000.0,23513000000.0,18893000000.0,743000000.0,,50850000000.0,3490000000.0,40095000000.0,709000000.0,57272000000.0,54617000000.0,54617000000.0,205000000.0,-2404000000.0,,,,11018000000.0,87847000000.0,33230000000.0,30575000000.0,-3767000000.0,6000000.0,39832000000.0,40095000000.0,2710000000.0,1570000000.0,-15808000000.0,-1279000000.0,-22748000000.0,-3820000000.0,40095000000.0,-5124000000.0,-7241000000.0,40673000000.0,4477000000.0,-686000000.0,-5766000000.0,-16000000.0,5161000000.0,-6032000000.0,,87847000000.0,40095000000.0,0.0046830841770437726,,17013000000.0,17439000000.0,-11046000000.0,-1044000000.0,-10407000000.0,,,,,,,,
2021Q3,30817000000.0,287107000000.0,181296000000.0,4171000000.0,51243000000.0,472574000000.0,77300000000.0,2972000000.0,54344000000.0,107410000000.0,49652000000.0,80323000000.0,59057000000.0,87442000000.0,62020000000.0,8163000000.0,74981000000.0,223492000000.0,108736000000.0,132813000000.0,9474000000.0,9231000000.0,84194000000.0,27659000000.0,22282000000.0,708000000.0,,18659000000.0,4171000000.0,20203000000.0,603000000.0,35728000000.0,21406000000.0,21406000000.0,-12000000.0,-916000000.0,,,,-1915000000.0,66261000000.0,44855000000.0,30533000000.0,-2747000000.0,6000000.0,20574000000.0,20203000000.0,2193000000.0,1851000000.0,-4211000000.0,-870000000.0,-55940000000.0,-2212000000.0,20203000000.0,-9218000000.0,3634000000.0,47299000000.0,15822000000.0,122000000.0,20399000000.0,-16000000.0,-5780000000.0,-6526000000.0,,66261000000.0,20203000000.0,-0.30521354212419616,,17666000000.0,11540000000.0,-40200000000.0,-2984000000.0,-14854000000.0,,,,,,,,
2021Q4,32382000000.0,302070000000.0,192403000000.0,4655000000.0,52727000000.0,499128000000.0,77300000000.0,6939000000.0,87621000000.0,124901000000.0,27482000000.0,80134000000.0,65409000000.0,84814000000.0,63847000000.0,6612000000.0,56671000000.0,233995000000.0,124800000000.0,142116000000.0,1028000000.0,26649000000.0,84389000000.0,24429000000.0,19393000000.0,631000000.0,,34143000000.0,4655000000.0,0.0,629000000.0,0.0,0.0,29989000000.0,496000000.0,-2273000000.0,,,,0.0,0.0,0.0,0.0,0.0,6000000.0,23157000000.0,23046000000.0,2252000000.0,0.0,-3553000000.0,-25000000.0,-27120000000.0,-3137000000.0,0.0,-22478000000.0,-5519000000.0,13775000000.0,3536000000.0,159000000.0,4724000000.0,-70000000.0,-9189000000.0,-5964000000.0,,0.0,0.0,0.21286078344417514,,17905000000.0,9912000000.0,-17849000000.0,-1423000000.0,-9176000000.0,,,,,,,,
2022Q1,32205000000.0,258955000000.0,178314000000.0,4047000000.0,44607000000.0,441316000000.0,77300000000.0,5445000000.0,78229000000.0,106755000000.0,22785000000.0,70852000000.0,42931000000.0,69492000000.0,53029000000.0,4629000000.0,46462000000.0,219400000000.0,92219000000.0,129673000000.0,204000000.0,18740000000.0,75708000000.0,23871000000.0,16327000000.0,631000000.0,,34143000000.0,4047000000.0,23046000000.0,629000000.0,32545000000.0,29989000000.0,29989000000.0,496000000.0,-2273000000.0,,,,10986000000.0,56719000000.0,26730000000.0,24174000000.0,4154000000.0,6000000.0,23157000000.0,23046000000.0,2252000000.0,-3837000000.0,-3553000000.0,-25000000.0,-27120000000.0,-3137000000.0,23046000000.0,-22478000000.0,-5519000000.0,13775000000.0,3536000000.0,159000000.0,4724000000.0,-70000000.0,-9189000000.0,-5964000000.0,,56719000000.0,23046000000.0,-0.025402851149333938,,16436000000.0,10204000000.0,-17849000000.0,-1423000000.0,-9176000000.0,,,,,,,,
2021Q1,873000000.0,27246000000.0,6163000000.0,,1864000000.0,33409000000.0,5039000000.0,322000000.0,180000000.0,2727000000.0,-867000000.0,7461000000.0,1387000000.0,19271000000.0,1738000000.0,7185000000.0,-866000000.0,4544000000.0,19473000000.0,4454000000.0,,9587000000.0,1937000000.0,7867000000.0,7693000000.0,,,53000000.0,,180000000.0,1846000000.0,2369000000.0,331000000.0,331000000.0,-2000000.0,-216000000.0,,,,-127000000.0,7547000000.0,7216000000.0,5178000000.0,-278000000.0,,180000000.0,180000000.0,-7000000.0,820000000.0,-184000000.0,-131000000.0,-315000000.0,-873000000.0,180000000.0,-1597000000.0,,-1098000000.0,239000000.0,,126000000.0,-184000000.0,364000000.0,-184000000.0,1000000.0,7547000000.0,180000000.0,-0.014917407205952027,1811000000.0,836000000.0,222000000.0,,-1709000000.0,-10000000.0,,,,,,,,
2021Q2,938000000.0,27165000000.0,6306000000.0,,2044000000.0,33471000000.0,5039000000.0,332000000.0,312000000.0,2582000000.0,-856000000.0,7915000000.0,2341000000.0,19543000000.0,1966000000.0,7826000000.0,-855000000.0,4689000000.0,18824000000.0,4496000000.0,,8552000000.0,1683000000.0,7303000000.0,6862000000.0,,,-88000000.0,,132000000.0,2006000000.0,2429000000.0,251000000.0,251000000.0,-14000000.0,-238000000.0,,,,-220000000.0,7876000000.0,7625000000.0,5447000000.0,-339000000.0,,132000000.0,132000000.0,-7000000.0,-884000000.0,-184000000.0,161000000.0,-27000000.0,-116000000.0,132000000.0,954000000.0,,1165000000.0,235000000.0,,768000000.0,-188000000.0,496000000.0,-184000000.0,1000000.0,7876000000.0,132000000.0,-0.0458356037254779,1811000000.0,872000000.0,233000000.0,,580000000.0,-10000000.0,,,,,,,,
2021Q3,1040000000.0,29414000000.0,5675000000.0,,2217000000.0,35089000000.0,5040000000.0,315000000.0,-326000000.0,3840000000.0,-850000000.0,9299000000.0,1575000000.0,19560000000.0,2676000000.0,7305000000.0,-849000000.0,4752000000.0,18789000000.0,3665000000.0,,8826000000.0,2709000000.0,7829000000.0,6920000000.0,,,-1424000000.0,,-638000000.0,2562000000.0,2165000000.0,-590000000.0,-590000000.0,-9000000.0,-260000000.0,,,,-786000000.0,7349000000.0,7939000000.0,5184000000.0,-834000000.0,,-638000000.0,-638000000.0,-7000000.0,-18000000.0,-273000000.0,263000000.0,63000000.0,-74000000.0,-638000000.0,-766000000.0,,-556000000.0,250000000.0,,-428000000.0,-201000000.0,1267000000.0,-228000000.0,1000000.0,7349000000.0,-638000000.0,-0.4657786598796011,1811000000.0,970000000.0,239000000.0,,-531000000.0,-10000000.0,,,,,,,,
2021Q4,1175000000.0,29703000000.0,5637000000.0,,2293000000.0,35340000000.0,5044000000.0,360000000.0,-297000000.0,3514000000.0,-920000000.0,9489000000.0,1781000000.0,18677000000.0,2841000000.0,5283000000.0,-910000000.0,5019000000.0,18464000000.0,3494000000.0,,8980000000.0,4139000000.0,7152000000.0,7777000000.0,,,-101000000.0,,29000000.0,1784000000.0,2364000000.0,369000000.0,369000000.0,-5000000.0,-306000000.0,,,,-130000000.0,8127000000.0,7758000000.0,5763000000.0,-470000000.0,,29000000.0,29000000.0,-3000000.0,35000000.0,-317000000.0,-769000000.0,-1084000000.0,309000000.0,29000000.0,206000000.0,,1607000000.0,172000000.0,,-220000000.0,-309000000.0,541000000.0,-316000000.0,4000000.0,8127000000.0,29000000.0,-0.42334217821997566,1810000000.0,968000000.0,225000000.0,,673000000.0,-10000000.0,,,,,,,,
2021Q1,409000000.0,16559000000.0,12700000000.0,,1789000000.0,29259000000.0,6353000000.0,856000000.0,7547000000.0,2851000000.0,-1200000000.0,6932000000.0,3893000000.0,4700000000.0,1871000000.0,586000000.0,-1200000000.0,6720000000.0,14690000000.0,12262000000.0,,6286000000.0,8299000000.0,3561000000.0,1551000000.0,,,759000000.0,,492000000.0,716000000.0,1873000000.0,848000000.0,848000000.0,136000000.0,-77000000.0,,,,267000000.0,26133000000.0,25285000000.0,24260000000.0,-89000000.0,,492000000.0,492000000.0,-29000000.0,-705000000.0,-83000000.0,66000000.0,267000000.0,-599000000.0,492000000.0,535000000.0,,351000000.0,128000000.0,11000000.0,-150000000.0,645000000.0,954000000.0,-110000000.0,,26133000000.0,492000000.0,0.20126011274327715,,29000000.0,479000000.0,-444000000.0,17000000.0,-653000000.0,,,,,,,,
2021Q2,498000000.0,16789000000.0,11775000000.0,,1933000000.0,28564000000.0,6353000000.0,806000000.0,6621000000.0,2879000000.0,-1199000000.0,6363000000.0,2311000000.0,5570000000.0,1935000000.0,657000000.0,-1199000000.0,6693000000.0,14457000000.0,11248000000.0,,6603000000.0,7642000000.0,4637000000.0,2394000000.0,,,602000000.0,,382000000.0,765000000.0,1273000000.0,588000000.0,588000000.0,-70000000.0,-70000000.0,,,,220000000.0,29023000000.0,28435000000.0,27750000000.0,14000000.0,,382000000.0,382000000.0,-21000000.0,849000000.0,-74000000.0,652000000.0,-1296000000.0,-387000000.0,382000000.0,-1582000000.0,,-212000000.0,132000000.0,11000000.0,-408000000.0,-842000000.0,458000000.0,-125000000.0,,29023000000.0,382000000.0,0.05983597844742583,,29000000.0,524000000.0,-1106000000.0,-1070000000.0,-653000000.0,,,,,,,,
2021Q3,556000000.0,18275000000.0,11287000000.0,,1174000000.0,29562000000.0,6353000000.0,987000000.0,6830000000.0,2734000000.0,-1896000000.0,6480000000.0,2030000000.0,6095000000.0,1947000000.0,1215000000.0,-1192000000.0,6691000000.0,15205000000.0,10702000000.0,,7282000000.0,8715000000.0,4814000000.0,3020000000.0,,,451000000.0,,598000000.0,812000000.0,1533000000.0,489000000.0,489000000.0,168000000.0,-98000000.0,,,,-147000000.0,35694000000.0,35205000000.0,34161000000.0,-38000000.0,,598000000.0,598000000.0,-2000000000.0,552000000.0,-130000000.0,1124000000.0,-770000000.0,-195000000.0,598000000.0,-281000000.0,,619000000.0,130000000.0,4000000.0,-851000000.0,-161000000.0,513000000.0,-139000000.0,,35694000000.0,598000000.0,-0.19007458415193101,,29000000.0,601000000.0,-1080000000.0,-216000000.0,-653000000.0,,,,,,,,
2021Q4,424000000.0,21576000000.0,12308000000.0,,1483000000.0,33884000000.0,6353000000.0,899000000.0,7580000000.0,1861000000.0,-1625000000.0,6282000000.0,3625000000.0,7339000000.0,1596000000.0,1339000000.0,-707000000.0,6762000000.0,17760000000.0,11855000000.0,,7431000000.0,11670000000.0,5674000000.0,3310000000.0,,,1362000000.0,,1025000000.0,1047000000.0,2172000000.0,1393000000.0,1393000000.0,-41000000.0,-155000000.0,,,,337000000.0,39271000000.0,37878000000.0,37099000000.0,-31000000.0,,1025000000.0,1025000000.0,-2000000000.0,750000000.0,-2128000000.0,2665000000.0,2205000000.0,-481000000.0,1025000000.0,1595000000.0,,1518000000.0,125000000.0,,421000000.0,-66000000.0,595000000.0,-210000000.0,,39271000000.0,1025000000.0,0.016092983410908923,,29000000.0,2627000000.0,-131000000.0,-848000000.0,-263000000.0,,,,,,,,
2021Q2,257182000.0,9089622000.0,11966830000.0,355383000.0,3527276000.0,21411835000.0,5504517000.0,821039000.0,4235650000.0,846227000.0,2226663000.0,983820000.0,515663000.0,7407489000.0,409664000.0,910385000.0,2238576000.0,4896971000.0,13990900000.0,10429222000.0,546300000.0,4500641000.0,562148000.0,4846993000.0,1875591000.0,,,1405878000.0,355383000.0,1134709000.0,637003000.0,1746507000.0,1265972000.0,1265972000.0,-156468000.0,-285249000.0,,,,253477000.0,5748206000.0,4482234000.0,4001699000.0,139906000.0,,1152401000.0,1134709000.0,-54855000.0,364734000.0,-204896000.0,109952000.0,96580000.0,-12223000.0,1134709000.0,-111815000.0,-125939000.0,122440000.0,122381000.0,,-442387000.0,-13100000.0,-84822000.0,-146044000.0,697000.0,5748206000.0,1134709000.0,0.03841941356264922,,1280426000.0,2536000.0,-272000.0,-754933000.0,-5896000.0,,,,,,,,
2021Q3,268185000.0,9360529000.0,12750405000.0,389367000.0,3416633000.0,22500301000.0,5504517000.0,942582000.0,4599894000.0,935468000.0,2645994000.0,973648000.0,1050993000.0,7533439000.0,409256000.0,998549000.0,2657210000.0,5164500000.0,14743151000.0,11132657000.0,545946000.0,5239124000.0,607580000.0,5619084000.0,1968897000.0,,,1017766000.0,389367000.0,812925000.0,663600000.0,1786814000.0,1014041000.0,1014041000.0,109173000.0,-158584000.0,,,,185534000.0,6198243000.0,5184202000.0,4411429000.0,3725000.0,,832232000.0,812925000.0,8054000.0,184643000.0,-213747000.0,-3049000.0,-812592000.0,-167950000.0,812925000.0,-879512000.0,48030000.0,98797000.0,125832000.0,,-398475000.0,-12968000.0,332728000.0,-214972000.0,697000.0,6198243000.0,812925000.0,-0.002931080992650714,,1349563000.0,1254000.0,-797272000.0,-589745000.0,-5896000.0,,,,,,,,
2021Q4,1550388000.0,9922115000.0,13604971000.0,405701000.0,3909772000.0,23932787000.0,13604971000.0,1914370000.0,,1007915000.0,,930416000.0,,7927884000.0,421900000.0,,,5504772000.0,15945946000.0,12054583000.0,,4317393000.0,737071000.0,6497048000.0,2120338000.0,,,1002675000.0,405701000.0,874055000.0,699399000.0,1807897000.0,985148000.0,985148000.0,123350000.0,-223883000.0,,,,108749000.0,6540010000.0,5554862000.0,4732113000.0,17527000.0,,893926000.0,874055000.0,51788000.0,189648000.0,-259990000.0,262094000.0,249002000.0,-5799000.0,874055000.0,318012000.0,15305000.0,313695000.0,152970000.0,,-52026000.0,-12265000.0,220987000.0,-303079000.0,,6540010000.0,874055000.0,-0.1614233956039891,,,1265000.0,-827000.0,-842870000.0,-5896000.0,,,,,,,,
2022Q1,175424000.0,11381918000.0,12417577000.0,369755000.0,3651178000.0,24169250000.0,5504517000.0,902443000.0,5280854000.0,1219462000.0,1632206000.0,1029812000.0,849091000.0,9300954000.0,370093000.0,2420527000.0,1649318000.0,5239800000.0,16424181000.0,10953689000.0,514897000.0,5238612000.0,612271000.0,7018367000.0,2171283000.0,,,1152852000.0,369755000.0,943900000.0,693917000.0,1894836000.0,1072797000.0,1072797000.0,124221000.0,-10591000.0,,,,199370000.0,6828106000.0,5755309000.0,4933270000.0,80055000.0,,953482000.0,943900000.0,-9194000.0,724659000.0,-311023000.0,1659012000.0,593445000.0,-311157000.0,943900000.0,35435000.0,-110046000.0,-136941000.0,129546000.0,,-819605000.0,-11429000.0,344924000.0,-200454000.0,,6828106000.0,943900000.0,-0.0023985437146715194,,1288464000.0,11569000.0,-1048242000.0,-1013622000.0,-5896000.0,,,,,,,,
2021Q1,486059000.0,6385626000.0,3257041000.0,,142395000.0,9642667000.0,1139887000.0,44306000.0,1627415000.0,479332000.0,-105725000.0,882521000.0,1278475000.0,1215810000.0,335434000.0,298567000.0,74034000.0,2512353000.0,3067964000.0,77212000.0,,949447000.0,3469030000.0,,267097000.0,,,53262000.0,,43225000.0,437358000.0,606643000.0,166881000.0,166881000.0,2404000.0,-96078000.0,,,,10037000.0,1082328000.0,915447000.0,475685000.0,-113619000.0,,43225000.0,43225000.0,-63878000.0,-12547000.0,-136835000.0,314724000.0,301384000.0,-16926000.0,43225000.0,353134000.0,,188585000.0,113861000.0,,-111608000.0,-13309000.0,164954000.0,-20801000.0,2449000.0,1082328000.0,43225000.0,0.011752835744712087,595464000.0,2693770000.0,,-31000.0,,-26000.0,,,,,,,,
2021Q2,515726000.0,6379289000.0,3261916000.0,,255819000.0,9641205000.0,1139887000.0,43975000.0,1625457000.0,486883000.0,-86891000.0,875876000.0,1212307000.0,1977231000.0,333963000.0,973702000.0,78722000.0,2495567000.0,3075841000.0,67995000.0,,1064962000.0,2700992000.0,,209859000.0,,,117069000.0,,116465000.0,421326000.0,639637000.0,221509000.0,221509000.0,-3198000.0,-124200000.0,,,,604000.0,1160644000.0,939135000.0,521007000.0,-104440000.0,,116465000.0,116465000.0,16735000.0,-5835000.0,-91908000.0,-136698000.0,-134275000.0,23285000.0,116465000.0,-66168000.0,,160015000.0,113323000.0,,-301082000.0,-980000.0,192597000.0,-43189000.0,2449000.0,1160644000.0,116465000.0,-0.08382463900328596,583463000.0,2678195000.0,,-141717000.0,,-26000.0,,,,,,,,
2021Q3,565286000.0,6581296000.0,3346511000.0,,318739000.0,9927807000.0,1139887000.0,56140000.0,1698288000.0,488006000.0,-75127000.0,944464000.0,1057417000.0,2497570000.0,348309000.0,1366969000.0,90486000.0,2517759000.0,3010862000.0,-108211000.0,,1041810000.0,2341900000.0,,247961000.0,,,62450000.0,,72831000.0,378239000.0,574989000.0,204145000.0,204145000.0,-7395000.0,-136200000.0,,,,-10381000.0,1098059000.0,893914000.0,523070000.0,-141695000.0,,72831000.0,72831000.0,-85416000.0,28244000.0,-397685000.0,-90716000.0,-90716000.0,-26379000.0,72831000.0,-154890000.0,,333511000.0,145162000.0,,-90494000.0,-980000.0,164294000.0,-56886000.0,1000.0,1098059000.0,72831000.0,-0.23415096875386188,583463000.0,2889436000.0,,-141717000.0,,-596000.0,,,,,,,,
2021Q4,1168883000.0,6656211000.0,3241584000.0,,228782000.0,9897795000.0,1139887000.0,27770000.0,1586373000.0,477594000.0,-80140000.0,880704000.0,905461000.0,1865939000.0,356104000.0,972835000.0,92480000.0,2534968000.0,2973560000.0,-266979000.0,,1121410000.0,3089359000.0,,183529000.0,,,-122152000.0,,-74350000.0,460355000.0,528314000.0,71112000.0,71112000.0,-3153000.0,-145877000.0,,,,-47802000.0,1050347000.0,979235000.0,522033000.0,-193264000.0,,-74350000.0,-74350000.0,-68285000.0,-31416000.0,-316080000.0,282058000.0,138766000.0,-120271000.0,-74350000.0,-151956000.0,,25358000.0,182021000.0,,-121469000.0,-980000.0,131033000.0,-97332000.0,1000.0,1050347000.0,-74350000.0,-0.08843597735428232,595464000.0,2339680000.0,,-141717000.0,,-596000.0,,,,,,,,
